2460 4024
511 16 1148 191 libro.E.
145 242 1322 389 de cada vno cabe su captiuo: yquā
153 342 1304 467 do la segunda vesz, el paynal subia
136 419 1285 541 alcu: cada vno dellos tomaua por
133 502 1309 616 los cabellos asu captiuo, y lleuaualo
133 592 1276 714 a vn lugar, que se llama apetlac.
129 651 1282 808 y alli los dexauan todos, luego des
144 752 1300 890 cendian, los que los aujan de echar
134 855 1270 962 en el fuego, y en poluorizauanlos
140 938 1286 1056 con encienso las caras arronjan
139 1024 1281 1150 do se lo apuñados: el qual trayan
136 1100 1290 1234 molido, en vnas talegas, luegolos
137 1197 1259 1318 tomauan, y atauanlos, las ma
138 1285 1267 1399 nos atras, y tambien los atauā
128 1360 1273 1500 los pies, luego los echauan sobre
136 1437 1264 1555 los hombros acuestas, y subian
139 1546 1267 1657 los arriba alo alto del cu, don
132 1621 1286 1749 de estaua vn gran fuego, y gran
117 1696 1264 1835 monton de brasa: y llegados a
126 1793 1282 1903 rriba, luego dauan conellos en el
119 1896 1232 2020 fuego: al tiempo que los arroja
115 1950 1268 2087 uan, alçauase vn gran poluo de
112 2024 1244 2160 ceniza: y cada vno donde caya, a
114 2117 1245 2246 lli se hazia vn oran hoyo en el fue
108 2197 1244 2368 go, porque todo era brasa, y rescol
120 2272 1255 2425 do: y alli enel fuego, començaua a
122 2339 1242 2482 dar boelcos, y hazer bas cas, el triste
127 2412 1250 2556 del captiuo, comencaua arechinar
115 2497 1251 2657 el cuerpo, como quando asan algūi
114 2564 1252 2748 anjmat, y leuantauanse vexoas
99 2641 1217 2824 por todas partes del cuerpo. Y es
103 2727 1228 2883 tando en esta agonja, sacauan le
99 2812 1243 2951 con vnos garauatos arrastrando
101 2908 1246 3034 los satrāpas que se llamauan qua
117 2978 1214 3112 quacujltin: y ponjanle encima,
101 3049 1236 3172 del taxon, que se llamaua techcatl,
90 3133 1243 3284 y luego le abrian, los pechos de teti
102 3197 1252 3332 lla atetilla o vn poco mas baxo: lu
93 3283 1222 3440 ego le arrançauan al coraçon, y
93 3377 1267 3504 le arrojauan alos pies del estatua
102 3442 1243 3581 de xiuhtecutli, dios de xiuhtecu
100 3518 1244 3666 tli, dios del fuego. Desta manera
103 3619 1229 3735 matauan, todos los captiuos, que
97 3697 1249 3811 tenjan para sa crificar, en aquella
78 3760 1244 3901 fiesta: y acabando los de matar, to
1500 31 2386 186 de las cerimonjas
1379 263 2426 402 qujcxilpia: njman ieic ique
1356 384 2406 522 chpan conteca, mjcqujlleça
1368 494 2427 634 via: auh moqujpan tlacato,
1366 578 2446 746 njmā ic contlaca in tleco, ce
1359 713 2425 829 calli moquetzaivetzi, innetc
1354 824 2383 993 tli, vel molonj. Auh intia
1348 947 2382 1083 cauh njma ie ic cueecuepo
1347 1018 2397 1191 ca mjnacaio, aquaquala
1335 1152 2415 1315 cativetzi, yoan tletlecaleoa
1335 1296 2425 1431 tivetzi: njman icçonan tive
1339 1393 2424 1518 tzzi, convilan tivetzi, in qua
1340 1503 2389 1654 quacujlti, qujoalteca tech
1327 1623 2418 1767 cac, çoneltequj: qujoalixtla
1342 1729 2434 1888 pana mjrelchiqujuh: njmiā
1329 1851 2422 1995 ic coneotona, con tlatzçotvna
1329 1945 2390 2100 mjiollo; ixpan cōmaiavi, in
1327 2062 2396 2227 xiuhtecutli: mjxiptla tletl:
1330 2177 2401 2333 auh çan ie mocti vi i momj
1324 2285 2396 2445 qujlia in mamalti, qujn oas
1317 2413 2401 2530 cacaca in Pamal. Auh mic
1314 2505 2410 2676 iuhquj, motlanque tiacaoan
1314 2614 2393 2795 njma ieic tlaxitinj, vivilos
1319 2737 2391 2911 viloa itechachan, tlacla
1306 2839 2392 3004 qualo, ilhuj tlamacho. Auh
1314 2946 2394 3113 m Pajnal, njmā qujvica, co
1309 3064 2407 3226 lolhujtivi, qujtepevitii mnj
1317 3170 2407 3348 veveroan, concaoa, contlalia
1304 3282 2378 3461 mjieian, mjpieloian: auli
1306 3386 2375 3545 mo cōcaoato; njma ieieoal
1303 3492 2395 3664 temo, oalcenpantitivi. Auh
1303 3630 2366 3787 moaçeço tlalchi: njma iemo
1313 3725 2387 3865 moiaoa, vivi in inctrachan
