2498 4018
586 49 1107 224 Libro. 2.
164 255 1314 404 pel de ambas partes, desde el ho
154 363 1327 494 bro derecho, al sobaco izqujerdo:
159 448 1305 578 y desde el hombro izqujerdo, al
167 535 1300 659 sobaco derecho: y en los braços,
169 626 1293 766 ponjan los papeles, como alas,
156 724 1303 861 donde estauan pintadas, y magi
167 804 1304 925 nes de caujlanes: y tambien vn
158 889 1313 1025 mastle de papel, ponjan arriba
188 999 1315 1139 vnos papeles, a manera de vipil,
169 1104 1289 1219 vno de la vna parte, y otro ala
169 1190 1293 1350 otra, a los lados de la ymagen:
143 1274 1292 1432 y enel arbol desde los pies de la
150 1375 1324 1532 ymagen, colgauan vnos papeles
163 1456 1271 1604 largos, que llegauan hasta el
163 1555 1297 1695 medio del arbol, que andauan
165 1647 1319 1797 rebolando: eran estos papelesan
173 1743 1325 1874 chos, como media braça, y largos
144 1847 1298 1970 como diez braças. Ponjan tam,
155 1946 1331 2083 bien tres tamales grandes hechos
161 2019 1286 2169 de semjlla de bledos, sobre la ca
158 2103 1289 2273 beça de la ymagen, hincados en
151 2192 1294 2372 tres palos, compuesto el arbol, con
157 2303 1268 2434 todas estas cosas, atauanle diez,
159 2398 1304 2536 maromas, por la mjtad del, ata
162 2486 1318 2635 das las maromas: tirauan dellas
138 2579 1279 2745 con gran grita, exortandose ati
142 2669 1270 2846 rar, de las maromas: y como le
145 2776 1294 2946 yuan leuantando, ponjanle vnos
149 2898 1244 3008 maderos, atados de dos endos, y
146 2988 1305 3089 vnos puntales, sobre que descansa
144 3060 1292 3213 se quando ya le en hyestauan
151 3130 1310 3317 dauan gran grita, y hazian grā
158 3214 1273 3377 estruendo con los pros: luego le
150 3317 1285 3474 echauan al pie grandes piedras,
138 3402 1276 3586 paraque estuujesse en hiesto, y
137 3499 1301 3650 no se acostease, suego encima le
147 3582 1283 3725 echauan tierra. hecho esto, yuā
136 3692 1273 3824 se todos asus casas, nadie que da
142 3800 1271 3923 ua: alli. Teuego venjan aquellos,
1443 58 2293 220 de las cerimonjas:
1414 267 2394 418 pan acitica in xocotl mjc
1422 387 2461 501 viac. Auh no etetl tzocoioelin
1407 497 2420 649 qujchioa, qujquaquauhço:
1403 610 2458 758 excan in qujquequetza: auh
1401 721 2446 883 njman ie ic qujilpia in dō
1394 838 2448 970 comecatl, in vncan mepan
1402 947 2464 1114 tla in xocotl, matlactli. fus
1387 1067 2423 1219 momocencauh: njmā ieic
1399 1176 2451 1319 qujquetza, njman ie ietlaca
1384 1266 2431 1425 oaca, tzatzioa: qujtoa. mae
1391 1365 2419 1521 cuel tiacaehoane, ximo tili
1381 1468 2419 1647 njcan, ixqujch amotlapal:
1387 1597 2414 1748 njmā ie ic queoatiquetztivi
1382 1691 2466 1877 con que chilitivi, in quauhton
1393 1822 2461 1961 macatl, yoan qujquamjviai:
1383 1933 2444 2085 auh in iequene ieiauh, in ie
1370 2051 2425 2225 meoatiquetztiuh; cenca tla
1365 2162 2442 2315 caoaca, cenca tzatzioa, cenca
1371 2286 2473 2430 chachalacoa: aua ice cuhquj
1373 2414 2419 2552 om moquetztivetzi, vel tecuj
1385 2519 2415 2667 nj iclalli, vel olinj, eoa co
1376 2622 2412 2782 monj: in ie uehquj, njmāieic
1369 2721 2450 2875 quj tetema: muchi iehoael in
1367 2843 2443 3001 teololli, in veveitetl conmaia
1365 2945 2430 3106 contepeoa: auh momofeten,
1362 3065 2427 3206 njman ie ic motlalpachoa i
1375 3159 2425 3300 panj, njman ie ic viviloa, ca
1366 3272 2422 3427 calacoa, cactivetzi, cactimo
1369 3390 2404 3549 mana. Auh njman ie ic val
1348 3495 2459 3653 qujça intla manjme: in imttc
1347 3609 2419 3748 hoan, i motlepan tlazque,
1354 3710 2443 3850 valmo cencaoa, mochichioa, mo
