2668 4140
788 3 1695 277 Del libro. A
48 241 2622 397 que le ponjan en ell cielo de alegria que el mundo nose acabaua
41 360 2631 509 yquetenjan otros encuenta y dos años porciertos. La vltima ss
47 477 2628 615 iemnjdad, que hizieron deste fuego nueuo: fue el año de mjll ,quj
39 598 2626 727 njentos, y siete: hizieron le, con toda solemnjdad, porque no bi
43 671 2617 822 vian venjdo los españoles aesta tierra: el año demjll yqujnjēti,
67 774 2606 909 yemcuenta  nueue, se acabo la otra gabilla de años: que el los
52 865 2623 1031 llaman toxim molpilia. Enesta, no hizieron solemnjdad publi
48 983 2616 1133 ca: porque ya los españoles, greligiosos estauan enesta trerxa. de
49 1096 2597 1245 manera que este año demjll yqujnjentos y setenta  seis, anda
45 1207 2615 1345 en qujnze años, de la gabilla de anos que corre. Quando sacauan
40 1337 2624 1462 fuego nueuo, y hazian esta solemnjdad, renguauan ell pacto que
40 1436 2601 1573 tenjan con el demonjo de serujrle: y renguauan todas las esta
47 1538 2590 1691 tuas del demonjo, que ensu casa tenjan, y todas las alhajas
65 1652 2611 1794 de su serujcio, y las de saescasas: y hazian grandes alegrias, por
48 1748 2616 1917 saber, que ya tenjan el mundo seguxo, que noze acabaria por em
53 1852 2617 1993 cuenta y dos anos. Cl aramente consta, que este artificio de coja,
35 1941 2600 2126 tar, fue in vencion del diablo, para hazex los renguar el pacto
49 2045 2613 2201 que conel tenjan de cincuenta, enehncuenta y dosaños: y amedo
30 2143 2597 2313 tando los conla fin del mundo, y haziendo los entender, que e
38 2266 2606 2436 alargaua el tiempo, y les hazian, merced del passando el mundo adelale,
33 2372 2594 2560 C Bemas dosta cuenta tenjan que de oho en ocho años, harjan vn ayun
60 2523 2580 2612 depan y agua, por espauo de ocho dias, y hazian alcabo vna fiesta don
57 2612 2538 2712 de hazian solemne areito decuersos personajes, donde dezian, que
31 2717 2602 2854 descubrian ventuxa (o que la merecian, yllamauanla Atamalcualiztli.
43 2839 2578 3050 O tra fiesta hazian, de quatro en quatro años, a honrra del fuego, don
41 2986 2599 3168 de agujerauan las orejas atidos los njños, y njñas, y la llamauan pil
34 3101 2601 3268 lauanaliztli, yenesta fiesta es verisimjle, y ay conjecturas que haziā
45 3212 1540 3396 su bisexto, con fando seis denemontemj.
53 3383 2538 3553 La otra cuenta del tiempo, es de vn año, el qual repaxtian en dezi
73 3510 2587 3661 ocho meses, y acada mes ledauan vente dias: y cada vno destus me
72 3630 2537 3751 ses, era dedicado avno, lo ados dioses: y hazian en el sus fiestas, ca
71 3749 2527 3867 da vno destos meses, le repartian deeico en emro dias: y trazian
57 3832 2554 3967 las ferias el vltimo dia, destos cmco, en vn pueblo: y dende a oinco
