2484 3962
531 34 1065 214 L ibro. 2
88 238 1267 370 las sienes, en vnos varales, que
84 352 1259 483 estauan hechados como en lacera:
88 410 1262 535 los cuerpos lleuauanlos, alos barrj
94 484 1244 624 os, de donde aujan salido. Y otro
80 550 1246 711 dia, que se llamaua texinjlo, hazi
93 640 1264 769 anlos pedaços, y comjanlos: tambien
85 716 1263 864 entonce dospedacauan las ymagi
93 807 1255 966 nes de los montos, entodas las casas
102 896 1254 1041 que los aujan hecho: y los pedaços
77 988 1267 1138 subranlos, alos tlapancos, paraque
84 1074 1271 1217 se secasen al sol: y yuan los comjen
96 1150 1258 1322 do cadadia poco apoco, y conlos pa
89 1255 1255 1406 peles conque estauan adereçadas,
90 1328 1274 1462 a quellas ymagines, de los montes, cu
96 1410 1245 1530 brian aquellos rodeos de cacate, so
90 1484 1290 1638 bre que les aujan puesto, y colgauā
88 1583 1264 1710 los de las vigas, cada vno en su ora
102 1649 1272 1785 torio, que tenja en su casa: vn año
93 1726 1273 1865 enterb, estaua colgado alli, hasta que
84 1816 1265 1961 llegasse otra vez la fiesta, entonce
89 1884 1258 2040 tomauan los papeles, juntamente
101 1960 1262 2097 con el rodeo, y lleuauanlos alos ora
95 2052 1265 2192 torios: que se llaman aiauhcali: y el
92 2122 1265 2275 papel dexauanlo alli, y el rodēo bol
97 2207 1256 2334 ujanle asu casa, para hazer ofren
102 2280 1275 2414 da, alas ymagines. Aquj se acaba
87 2367 1262 2500 la relacion del mes, y fiesta, que se
77 2444 740 2611 llama Tepeilhujtl.
838 2531 897 2609 ix
102 2548 1211 2767 Capitulo. 34. de la
108 2721 1246 2891 fiesta, y sacrificios, que
90 2843 1252 3004 se hazian en las talen
99 2978 1258 3135 das del catorzeno mes:
76 3108 1253 3338 que se llamaua Quecho
95 3299 245 3444 llli
116 3455 1270 3668 ¶ Al mes catorzeno llamauan
104 3555 1267 3711 quecholli: salido el mes passado,
100 3681 1252 3809 cinco dias, no se hazia ceximo
99 3751 1270 3932 nja ninguna, nj fiesta en los cues,
136 3864 220 3920 p.
1432 42 2299 199 delas cerimonjas:
1335 261 2419 389 muztlaioc, mo oallatvic: in mj
1319 371 2419 518 toaia, Texinjlo, texixitinjlo
1310 480 2417 642 njmā ie ic qujxitinja in tzoca
1315 625 2413 784 li: auh moqujxixitinjque,
1323 714 2389 891 njma ic tlapanco quj tleca
1335 854 2440 1009 via, vmpa oaquj, quauhvaquj,
1332 974 2411 1124 tepioaquj: achchi concujtivi
1328 1095 2446 1257 i qujqua, canjuh qujtlamja.
1338 1236 2425 1367 Auh mj mamatlatquj ocatco,
1330 1324 2428 1485 qujquequentia mjraoallo o
1323 1429 2414 1594 catca: auh mo qujquequeti
1340 1540 2428 1705 que calquac compiloa, calpus
1325 1680 2392 1825 co, cexivitl qujmactuch, in
1327 1798 2420 1930 qujtlacativi, in qujtepaoativi,
1325 1900 2438 2059 m vmpa acaich calco: ca njo mj
1336 2013 2438 2180 mamatlatquj, contepeoa: qujl
1341 2142 2419 2264 mraoalli qujoalitquj. Nican
1335 2251 2423 2414 tlamj mjlhujtl, in moteneoa:
1333 2364 1790 2517 Tepeilhujtl.
1564 2457 2301 2593 cenpoalliōmaclactiomei
1344 2527 2422 2722 njc caxtolti capitulo, y
1325 2637 2407 2823 can moteneoa milhujtl,
1336 2763 2427 2984 yoā inextlaoalli, mjcto
1339 2891 2444 3115 cotia: iqujchioaia, injzs
1330 3043 2429 3222 ic cemjlhujtl, ic matiaces
1339 3167 2432 3330 onnavi metztli, in moteno
1342 3301 2055 3477 oaia, Que cholli.
1335 3422 2413 3623 njc matlactetl onnavi il
1335 3578 2455 3773 hujtl: iehoatl in moteneoauz:
1336 3725 2429 3891 cholli: moqujz tepeelhujtl, c
