<?xml version="1.0" encoding="UTF-8" standalone="yes"?>
<PcGts xmlns="http://schema.primaresearch.org/PAGE/gts/pagecontent/2013-07-15" xmlns:xsi="http://www.w3.org/2001/XMLSchema-instance" xsi:schemaLocation="http://schema.primaresearch.org/PAGE/gts/pagecontent/2013-07-15 http://schema.primaresearch.org/PAGE/gts/pagecontent/2013-07-15/pagecontent.xsd">
    <Metadata>
        <Creator>prov=University of Rostock/Institute of Mathematics/CITlab|PLANET AI GmbH/Gundram Leifert/gundram.leifert@planet-ai.de:name=Florentine Codex(htr_id=24784)::::v=2.6.6
prov=University of Rostock/Institute of Mathematics/CITlab|PLANET AI GmbH/Tobias Gruening/tobias.gruening@planet-ai.de:name=de.uros.citlab.module.baseline2polygon.B2PSeamMultiOriented:v=2.6.6
prov=University of Rostock/Institute of Mathematics/CITlab|PLANET AI GmbH/Tobias Gruening/tobias.gruening@planet-ai.de:name=/net_tf/LA73_249_0mod360.pb:de.uros.citlab.segmentation.CITlab_LA_ML:v=2.6.6
Transkribus</Creator>
        <Created>2020-06-23T15:23:47.238-07:00</Created>
        <LastChange>2020-06-24T07:41:58.326+02:00</LastChange>
    </Metadata>
    <Page imageFilename="FC_Vol_1_392.png" imageWidth="2662" imageHeight="4184">
        <ReadingOrder>
            <OrderedGroup id="ro_1596736956196" caption="Regions reading order">
                <RegionRefIndexed index="0" regionRef="r1"/>
                <RegionRefIndexed index="1" regionRef="r2"/>
            </OrderedGroup>
        </ReadingOrder>
        <TextRegion orientation="0.0" id="r1" custom="readingOrder {index:0;}">
            <Coords points="156,151 156,3985 1380,3985 1380,151"/>
            <TextLine id="r1l1" custom="readingOrder {index:0;}">
                <Coords points="354,220 422,216 471,250 509,252 553,214 642,191 785,226 821,211 819,82 735,63 636,112 557,106 533,121 464,80 404,133 353,135"/>
                <Baseline points="362,206 387,204 412,202 437,201 462,199 487,198 512,196 537,195 562,194 587,194 612,193 637,192 662,192 687,192 712,194 737,195 762,197 787,198 813,201"/>
                <TextEquiv>
                    <Unicode>Apendiz</Unicode>
                </TextEquiv>
            </TextLine>
            <TextLine id="r1l2" custom="readingOrder {index:1;}">
                <Coords points="163,622 251,569 1259,593 1309,581 1309,452 923,421 835,476 694,424 459,474 312,419 163,458"/>
                <Baseline points="171,576 227,573 284,570 340,567 397,566 453,566 510,566 566,566 623,566 679,567 736,567 793,569 849,569 906,570 962,570 1019,572 1075,572 1132,572 1188,570 1245,569 1302,567"/>
                <TextEquiv>
                    <Unicode>Relacion de los votos,</Unicode>
                </TextEquiv>
            </TextLine>
            <TextLine id="r1l3" custom="readingOrder {index:2;}">
                <Coords points="168,758 253,699 889,684 974,742 1055,717 1227,795 1287,781 1290,654 1123,603 1028,643 954,592 839,645 774,609 457,644 171,610"/>
                <Baseline points="177,693 232,696 287,698 342,699 397,699 452,699 507,698 563,696 618,695 673,693 728,693 783,692 838,693 893,693 949,696 1004,700 1059,704 1114,711 1169,719 1224,730 1280,743"/>
                <TextEquiv>
                    <Unicode>y iuramentos. Eceo</Unicode>
                </TextEquiv>
            </TextLine>
            <TextLine id="r1l4" custom="readingOrder {index:3;}">
                <Coords points="178,880 475,890 628,954 1098,959 1309,888 1310,797 1177,806 1074,730 987,806 801,867 552,706 179,784"/>
                <Baseline points="186,864 241,873 297,881 353,887 409,892 464,897 520,900 576,903 632,905 687,906 743,906 799,908 855,906 910,906 966,905 1022,903 1078,902 1133,900 1189,898 1245,896 1301,894"/>
                <TextEquiv>
                    <Unicode>o Rcoea. o  cō</Unicode>
                </TextEquiv>
            </TextLine>
            <TextLine id="r1l5" custom="readingOrder {index:4;}">
                <Coords points="310,951 330,948 341,960 347,956 356,959 382,984 403,987 415,898 379,895 364,877 351,888 318,888"/>
                <Baseline points="320,933 347,935 374,941 401,942"/>
                <TextEquiv>
                    <Unicode></Unicode>
                </TextEquiv>
            </TextLine>
            <TextLine id="r1l6" custom="readingOrder {index:5;}">
                <Coords points="190,1070 635,1087 733,1028 1041,1074 1372,1055 1372,956 1297,939 1142,991 1027,953 923,993 763,962 659,991 593,953 468,999 191,903"/>
                <Baseline points="198,1032 256,1032 314,1032 372,1032 431,1032 489,1032 547,1032 606,1032 664,1032 722,1032 781,1032 839,1032 897,1032 955,1032 1014,1034 1072,1034 1130,1035 1189,1037 1247,1038 1305,1040 1364,1043"/>
                <TextEquiv>
                    <Unicode>Vsauan ahazer voto, alos ydolos, de</Unicode>
                </TextEquiv>
            </TextLine>
            <TextLine id="r1l7" custom="readingOrder {index:6;}">
                <Coords points="165,1151 864,1122 1026,1176 1202,1128 1323,1159 1324,1100 1140,1040 1031,1088 953,1040 865,1094 700,1046 622,1096 396,1051 166,1081"/>
                <Baseline points="173,1131 230,1130 287,1128 344,1128 401,1128 458,1128 515,1128 573,1128 630,1128 687,1128 744,1130 801,1130 858,1131 915,1131 973,1133 1030,1134 1087,1136 1144,1137 1201,1139 1258,1140 1316,1143"/>
                <TextEquiv>
                    <Unicode>serujrlos: con algunos sacrificios y o</Unicode>
                </TextEquiv>
            </TextLine>
            <TextLine id="r1l8" custom="readingOrder {index:7;}">
                <Coords points="165,1261 418,1219 725,1231 805,1271 890,1229 1337,1242 1325,1157 165,1153"/>
                <Baseline points="173,1229 230,1227 288,1224 346,1224 404,1222 462,1221 519,1221 577,1220 635,1220 693,1220 751,1220 808,1220 866,1221 924,1221 982,1223 1040,1224 1097,1225 1155,1227 1213,1229 1271,1230 1329,1232"/>
                <TextEquiv>
                    <Unicode>fiendas: quando alguno de sus hi</Unicode>
                </TextEquiv>
            </TextLine>
            <TextLine id="r1l9" custom="readingOrder {index:8;}">
                <Coords points="148,1357 400,1327 515,1359 586,1318 780,1360 897,1320 1335,1360 1336,1276 1034,1236 794,1270 725,1231 587,1277 306,1233 148,1271"/>
                <Baseline points="156,1323 214,1322 273,1320 331,1320 390,1319 449,1318 507,1317 566,1317 624,1316 683,1316 742,1316 800,1316 859,1316 917,1317 976,1317 1035,1319 1093,1319 1152,1320 1210,1322 1269,1324 1328,1326"/>
                <TextEquiv>
                    <Unicode>gos, o de su casa, caya en enferme</Unicode>
                </TextEquiv>
            </TextLine>
            <TextLine id="r1l10" custom="readingOrder {index:9;}">
                <Coords points="175,1431 815,1405 1132,1458 1347,1428 1348,1365 1107,1387 1048,1342 763,1368 725,1335 637,1370 539,1339 429,1385 325,1336 176,1337"/>
                <Baseline points="183,1416 240,1414 298,1411 356,1409 414,1407 472,1406 530,1404 587,1404 645,1403 703,1403 761,1404 819,1404 877,1406 935,1406 992,1409 1050,1410 1108,1413 1166,1416 1224,1419 1282,1423 1340,1428"/>
                <TextEquiv>
                    <Unicode>dades, o caya de su estado, y se lisi</Unicode>
                </TextEquiv>
            </TextLine>
            <TextLine id="r1l11" custom="readingOrder {index:10;}">
                <Coords points="153,1522 753,1494 1192,1521 1267,1564 1354,1532 1355,1482 1132,1481 1054,1442 915,1476 624,1409 221,1446 154,1486"/>
                <Baseline points="161,1509 220,1505 279,1503 338,1500 398,1499 457,1497 516,1496 575,1496 635,1496 694,1496 753,1497 812,1499 872,1500 931,1502 990,1505 1049,1508 1109,1511 1168,1515 1227,1518 1286,1523 1346,1527"/>
                <TextEquiv>
                    <Unicode>aua. Esto hazian no a vno solo, pe</Unicode>
                </TextEquiv>
            </TextLine>
            <TextLine id="r1l12" custom="readingOrder {index:11;}">
                <Coords points="158,1628 498,1592 645,1622 807,1597 872,1640 1060,1602 1324,1635 1324,1554 782,1497 158,1573"/>
                <Baseline points="165,1608 222,1604 280,1599 337,1596 395,1594 453,1592 510,1590 568,1590 625,1590 683,1590 741,1591 798,1592 856,1593 913,1595 971,1597 1029,1599 1086,1601 1144,1602 1201,1605 1259,1607 1317,1608"/>
                <TextEquiv>
                    <Unicode>ro ados, otres de sus ydolos: para</Unicode>
                </TextEquiv>
            </TextLine>
            <TextLine id="r1l13" custom="readingOrder {index:12;}">
                <Coords points="167,1733 695,1740 887,1690 1329,1736 1330,1651 1203,1611 1039,1657 583,1601 511,1644 376,1605 314,1650 169,1652"/>
                <Baseline points="176,1692 233,1689 290,1686 347,1685 405,1683 462,1683 519,1683 577,1683 634,1685 691,1686 749,1687 806,1689 863,1691 920,1692 978,1694 1035,1697 1092,1698 1150,1701 1207,1703 1264,1704 1322,1706"/>
                <TextEquiv>
                    <Unicode>que le ayudassen, en aquella nece</Unicode>
                </TextEquiv>
            </TextLine>
            <TextLine id="r1l14" custom="readingOrder {index:13;}">
                <Coords points="152,1843 381,1784 577,1843 650,1802 1296,1839 1333,1777 1187,1736 1083,1779 974,1735 735,1769 558,1715 154,1737"/>
                <Baseline points="161,1788 219,1790 277,1790 335,1791 393,1792 452,1793 510,1795 568,1797 626,1798 684,1800 743,1802 801,1803 859,1805 917,1806 975,1808 1034,1809 1092,1811 1150,1811 1208,1812 1266,1812 1325,1812"/>
                <TextEquiv>
                    <Unicode>ssidad. Tenjan tambien costum</Unicode>
                </TextEquiv>
            </TextLine>
            <TextLine id="r1l15" custom="readingOrder {index:14;}">
                <Coords points="175,1901 1270,1914 1318,1907 1319,1857 941,1803 632,1805 576,1843 387,1783 176,1820"/>
                <Baseline points="183,1889 239,1890 295,1890 352,1890 408,1892 464,1892 521,1893 577,1893 633,1893 690,1895 746,1895 802,1895 859,1896 915,1896 971,1896 1028,1896 1084,1898 1140,1898 1197,1898 1253,1898 1310,1898"/>
                <TextEquiv>
                    <Unicode>bre de hazer iuramento, de cum</Unicode>
                </TextEquiv>
            </TextLine>
            <TextLine id="r1l16" custom="readingOrder {index:15;}">
                <Coords points="156,2026 1369,2025 1369,1934 1239,1946 1168,1904 916,1947 843,1912 772,1954 291,1887 156,1931"/>
                <Baseline points="164,1985 223,1985 283,1985 343,1985 403,1985 463,1985 523,1985 583,1985 643,1985 703,1985 763,1985 822,1985 882,1985 942,1986 1002,1986 1062,1987 1122,1988 1182,1988 1242,1989 1302,1989 1362,1991"/>
                <TextEquiv>
                    <Unicode>plir alguna cosa, aque se obligauā,</Unicode>
                </TextEquiv>
            </TextLine>
            <TextLine id="r1l17" custom="readingOrder {index:16;}">
                <Coords points="154,2132 440,2081 574,2140 654,2090 968,2125 1338,2099 1338,2035 1276,2008 1221,2052 1107,2049 944,2007 894,2041 509,2043 454,2009 154,2054"/>
                <Baseline points="161,2087 219,2087 278,2085 336,2085 395,2084 453,2084 512,2084 570,2084 629,2084 687,2084 746,2084 804,2084 863,2084 921,2084 980,2084 1038,2084 1097,2084 1155,2084 1214,2085 1272,2085 1331,2084"/>
                <TextEquiv>
                    <Unicode>y aquel aqujen se obligauan les</Unicode>
                </TextEquiv>
            </TextLine>
            <TextLine id="r1l18" custom="readingOrder {index:17;}">
                <Coords points="165,2220 1343,2198 1343,2142 1077,2110 1005,2140 926,2095 850,2141 707,2105 574,2140 165,2131"/>
                <Baseline points="173,2190 231,2187 289,2184 347,2182 405,2180 463,2178 521,2178 579,2177 637,2177 695,2175 754,2175 812,2175 870,2175 928,2175 986,2177 1044,2177 1102,2177 1160,2177 1218,2177 1276,2177 1335,2175"/>
                <TextEquiv>
                    <Unicode>demandaua, que hiziessen jura</Unicode>
                </TextEquiv>
            </TextLine>
            <TextLine id="r1l19" custom="readingOrder {index:18;}">
                <Coords points="166,2303 398,2319 477,2273 635,2267 928,2325 1105,2284 1248,2318 1364,2294 1364,2235 1170,2199 1088,2243 862,2237 747,2200 166,2241"/>
                <Baseline points="174,2285 233,2282 292,2278 351,2276 410,2274 469,2273 528,2271 587,2271 646,2270 705,2270 765,2270 824,2271 883,2271 942,2271 1001,2273 1060,2273 1119,2274 1178,2276 1237,2276 1296,2276 1356,2277"/>
                <TextEquiv>
                    <Unicode>mento, para estar seguro, de supa</Unicode>
                </TextEquiv>
            </TextLine>
            <TextLine id="r1l20" custom="readingOrder {index:19;}">
                <Coords points="158,2396 339,2391 372,2423 616,2369 1250,2399 1330,2393 1330,2332 1183,2295 1115,2327 757,2288 628,2318 482,2281 158,2337"/>
                <Baseline points="165,2381 222,2378 280,2376 338,2373 396,2372 454,2370 512,2369 570,2367 628,2367 686,2366 744,2366 801,2366 859,2366 917,2366 975,2367 1033,2367 1091,2369 1149,2370 1207,2371 1265,2373 1323,2375"/>
                <TextEquiv>
                    <Unicode>labra: y el juramento que hazia,</Unicode>
                </TextEquiv>
            </TextLine>
            <TextLine id="r1l21" custom="readingOrder {index:20;}">
                <Coords points="166,2486 1350,2514 1348,2388 860,2428 165,2396"/>
                <Baseline points="174,2481 232,2479 290,2477 349,2475 407,2472 465,2471 524,2469 582,2468 640,2466 699,2466 757,2465 815,2464 874,2463 932,2463 990,2462 1049,2462 1107,2462 1165,2462 1224,2462 1282,2462 1341,2462"/>
                <TextEquiv>
                    <Unicode>era en esta forma. Por vida del</Unicode>
                </TextEquiv>
            </TextLine>
            <TextLine id="r1l22" custom="readingOrder {index:21;}">
                <Coords points="179,2616 1029,2560 1196,2612 1352,2569 1351,2515 177,2512"/>
                <Baseline points="185,2582 246,2579 307,2576 368,2573 429,2571 490,2569 551,2568 612,2567 673,2567 734,2565 795,2565 856,2565 917,2565 978,2565 1039,2565 1100,2564 1161,2564 1222,2564 1283,2562 1344,2562"/>
                <TextEquiv>
                    <Unicode>sol y de nrā sengra la tierra, que</Unicode>
                </TextEquiv>
            </TextLine>
            <TextLine id="r1l23" custom="readingOrder {index:22;}">
                <Coords points="175,2689 380,2676 462,2712 810,2670 932,2706 1098,2666 1196,2696 1346,2681 1345,2575 1248,2621 1060,2627 873,2573 699,2644 571,2581 481,2633 174,2619"/>
                <Baseline points="183,2676 240,2673 298,2672 356,2669 414,2668 471,2667 529,2666 587,2666 645,2664 702,2664 760,2664 818,2664 876,2664 933,2664 991,2664 1049,2664 1107,2664 1164,2664 1222,2664 1280,2664 1338,2664"/>
                <TextEquiv>
                    <Unicode>no hare falta, en lo que tengo di</Unicode>
                </TextEquiv>
            </TextLine>
            <TextLine id="r1l24" custom="readingOrder {index:23;}">
                <Coords points="180,2782 390,2819 582,2776 694,2819 850,2772 931,2820 1363,2774 1362,2706 1165,2671 1089,2706 849,2681 686,2728 179,2707"/>
                <Baseline points="188,2772 246,2772 304,2772 363,2772 421,2771 479,2771 538,2769 596,2768 654,2767 713,2766 771,2765 829,2763 888,2763 946,2763 1004,2762 1063,2762 1121,2763 1179,2763 1238,2765 1296,2766 1355,2769"/>
                <TextEquiv>
                    <Unicode>cho: y para mayor seguridad, co</Unicode>
                </TextEquiv>
            </TextLine>
            <TextLine id="r1l25" custom="readingOrder {index:24;}">
                <Coords points="166,2891 747,2858 930,2905 1016,2861 1325,2871 1366,2860 1365,2799 429,2800 165,2854"/>
                <Baseline points="173,2883 232,2878 291,2874 350,2871 410,2867 469,2865 528,2863 588,2861 647,2859 706,2859 766,2858 825,2858 884,2858 943,2858 1003,2858 1062,2858 1121,2858 1181,2858 1240,2858 1299,2856 1359,2856"/>
                <TextEquiv>
                    <Unicode>mo esta tierra: y luego tocaua cō</Unicode>
                </TextEquiv>
            </TextLine>
            <TextLine id="r1l26" custom="readingOrder {index:25;}">
                <Coords points="160,2989 489,2955 1114,2998 1179,2960 1356,2965 1355,2883 1201,2913 1091,2872 945,2926 648,2866 507,2905 375,2883 302,2934 230,2897 159,2947"/>
                <Baseline points="168,2976 227,2970 286,2965 345,2961 404,2958 463,2955 522,2953 581,2952 640,2951 699,2949 758,2949 817,2949 876,2949 935,2949 994,2949 1053,2949 1112,2949 1171,2949 1230,2949 1289,2949 1349,2948"/>
                <TextEquiv>
                    <Unicode>los dedos en la tierra, y llegaualos</Unicode>
                </TextEquiv>
            </TextLine>
            <TextLine id="r1l27" custom="readingOrder {index:26;}">
                <Coords points="169,3086 504,3054 682,3090 895,3033 1136,3038 1225,3082 1349,3049 1338,2994 905,3005 817,2963 746,3007 639,2970 515,3021 372,2986 168,3016"/>
                <Baseline points="176,3071 234,3067 292,3062 350,3058 409,3054 467,3051 525,3050 583,3048 642,3046 700,3045 758,3044 816,3042 875,3042 933,3042 991,3042 1049,3042 1108,3042 1166,3042 1224,3042 1282,3042 1341,3042"/>
                <TextEquiv>
                    <Unicode>ala boca, y la mjalos: y ansi comja</Unicode>
                </TextEquiv>
            </TextLine>
            <TextLine id="r1l28" custom="readingOrder {index:27;}">
                <Coords points="169,3178 1065,3141 1238,3173 1377,3134 1377,3070 1293,3094 1117,3049 898,3096 787,3050 685,3102 573,3071 507,3108 168,3113"/>
                <Baseline points="177,3165 236,3161 296,3158 356,3155 415,3153 475,3150 535,3149 594,3147 654,3146 714,3144 774,3144 833,3143 893,3143 953,3141 1012,3141 1072,3140 1132,3140 1191,3138 1251,3138 1311,3137 1371,3135"/>
                <TextEquiv>
                    <Unicode>tierra, haziendo iuramento. Quan</Unicode>
                </TextEquiv>
            </TextLine>
            <TextLine id="r1l29" custom="readingOrder {index:28;}">
                <Coords points="172,3274 701,3258 770,3293 886,3243 1142,3292 1337,3255 1336,3188 1187,3163 876,3169 811,3205 503,3167 414,3213 171,3179"/>
                <Baseline points="180,3258 237,3254 294,3251 352,3248 409,3246 467,3243 524,3242 582,3242 639,3240 697,3240 754,3239 811,3239 869,3239 926,3239 984,3239 1041,3237 1099,3237 1156,3236 1214,3236 1271,3233 1329,3231"/>
                <TextEquiv>
                    <Unicode>do por alguna necessidad, alguno</Unicode>
                </TextEquiv>
            </TextLine>
            <TextLine id="r1l30" custom="readingOrder {index:29;}">
                <Coords points="167,3375 615,3399 905,3342 994,3397 1100,3348 1351,3330 1292,3265 1091,3303 897,3259 827,3302 497,3278 438,3313 166,3279"/>
                <Baseline points="174,3353 232,3350 291,3348 349,3347 408,3345 466,3344 525,3342 583,3342 642,3342 700,3342 759,3341 817,3341 876,3341 934,3341 993,3339 1051,3339 1110,3338 1168,3336 1227,3335 1285,3333 1344,3330"/>
                <TextEquiv>
                    <Unicode>de mandaua asu dios ayuda, ha</Unicode>
                </TextEquiv>
            </TextLine>
            <TextLine id="r1l31" custom="readingOrder {index:30;}">
                <Coords points="160,3449 1094,3459 1284,3444 1333,3399 1150,3343 992,3410 891,3354 810,3395 159,3390"/>
                <Baseline points="167,3444 224,3441 282,3439 340,3437 398,3435 456,3434 514,3432 572,3432 630,3432 688,3431 746,3431 803,3431 861,3431 919,3431 977,3429 1035,3429 1093,3428 1151,3427 1209,3425 1267,3423 1325,3422"/>
                <TextEquiv>
                    <Unicode>zia voto, y iuramento, de hazer</Unicode>
                </TextEquiv>
            </TextLine>
            <TextLine id="r1l32" custom="readingOrder {index:31;}">
                <Coords points="161,3562 456,3581 540,3539 799,3531 866,3568 1128,3534 1271,3569 1387,3516 1386,3471 1316,3445 1271,3481 1120,3453 982,3484 159,3450"/>
                <Baseline points="168,3545 228,3541 289,3537 349,3535 410,3533 471,3531 531,3530 592,3528 652,3527 713,3527 774,3527 834,3525 895,3525 955,3524 1016,3524 1077,3522 1137,3521 1198,3519 1258,3518 1319,3515 1380,3513"/>
                <TextEquiv>
                    <Unicode>tal coza, por su serujcro, y cumplia</Unicode>
                </TextEquiv>
            </TextLine>
            <TextLine id="r1l33" custom="readingOrder {index:32;}">
                <Coords points="176,3650 187,3646 223,3649 238,3662 275,3659 284,3650 298,3651 293,3553 243,3552 235,3559 217,3561 203,3574 172,3565"/>
                <Baseline points="183,3630 209,3629 235,3627 261,3627 288,3624"/>
                <TextEquiv>
                    <Unicode>lo</Unicode>
                </TextEquiv>
            </TextLine>
            <TextLine id="r1l34" custom="readingOrder {index:33;}">
                <Coords points="388,3668 396,3668 399,3671 403,3671 417,3660 425,3660 425,3590 414,3590 408,3594 406,3592 388,3592"/>
                <Baseline points="396,3662 417,3662"/>
                <TextEquiv>
                    <Unicode>c</Unicode>
                </TextEquiv>
            </TextLine>
            <TextLine id="r1l35" custom="readingOrder {index:34;}">
                <Coords points="396,3697 421,3701 450,3681 480,3720 515,3698 549,3716 618,3711 633,3729 711,3722 744,3749 753,3690 729,3693 676,3660 636,3660 586,3609 532,3607 496,3625 472,3610 431,3638 405,3637"/>
                <Baseline points="407,3678 432,3682 458,3686 483,3690 509,3694 535,3699 560,3703 586,3708 611,3712 637,3715 663,3719 688,3722 714,3725 740,3726"/>
                <TextEquiv>
                    <Unicode>olifera. a</Unicode>
                </TextEquiv>
            </TextLine>
            <TextLine id="r1l36" custom="readingOrder {index:35;}">
                <Coords points="772,3745 800,3739 808,3742 823,3727 827,3730 834,3729 827,3670 819,3671 812,3678 803,3675 786,3697 782,3694 777,3698 766,3698"/>
                <Baseline points="780,3744 828,3738"/>
                <TextEquiv>
                    <Unicode>A</Unicode>
                </TextEquiv>
            </TextLine>
            <TextLine id="r1l37" custom="readingOrder {index:36;}">
                <Coords points="786,3759 795,3760 805,3768 813,3762 825,3767 845,3766 853,3759 871,3779 892,3781 897,3739 889,3738 874,3723 861,3731 856,3724 848,3723 836,3733 834,3729 827,3733 823,3728 813,3736 789,3737"/>
                <Baseline points="795,3749 825,3752 856,3755 887,3759"/>
                <TextEquiv>
                    <Unicode>uls</Unicode>
                </TextEquiv>
            </TextLine>
            <TextLine id="r1l38" custom="readingOrder {index:37;}">
                <Coords points="331,3807 351,3815 387,3805 425,3810 451,3793 483,3818 504,3802 554,3841 565,3839 564,3797 511,3780 438,3713 414,3704 397,3720 373,3711 330,3724"/>
                <Baseline points="338,3801 365,3803 392,3803 420,3801 447,3800 474,3799 502,3798 529,3801 557,3807"/>
                <TextEquiv>
                    <Unicode>s G </Unicode>
                </TextEquiv>
            </TextLine>
            <TextLine id="r1l39" custom="readingOrder {index:38;}">
                <Coords points="404,3990 521,3936 709,4039 911,4040 1105,3943 1153,3975 1279,3956 1283,3841 1152,3847 1067,3910 949,3857 804,3933 690,3916 630,3866 593,3880 453,3794 410,3808"/>
                <Baseline points="414,3914 456,3921 499,3929 542,3935 585,3941 628,3945 671,3951 714,3954 757,3958 800,3960 843,3963 885,3963 928,3965 971,3963 1014,3963 1057,3962 1100,3959 1143,3955 1186,3951 1229,3946 1272,3939"/>
                <TextEquiv>
                    <Unicode>P. er5 Ploy. Et o</Unicode>
                </TextEquiv>
            </TextLine>
            <TextEquiv>
                <Unicode>Apendiz
Relacion de los votos,
y iuramentos. Eceo
o Rcoea. o  cō

Vsauan ahazer voto, alos ydolos, de
serujrlos: con algunos sacrificios y o
fiendas: quando alguno de sus hi
gos, o de su casa, caya en enferme
dades, o caya de su estado, y se lisi
aua. Esto hazian no a vno solo, pe
ro ados, otres de sus ydolos: para
que le ayudassen, en aquella nece
ssidad. Tenjan tambien costum
bre de hazer iuramento, de cum
plir alguna cosa, aque se obligauā,
y aquel aqujen se obligauan les
demandaua, que hiziessen jura
mento, para estar seguro, de supa
labra: y el juramento que hazia,
era en esta forma. Por vida del
sol y de nrā sengra la tierra, que
no hare falta, en lo que tengo di
cho: y para mayor seguridad, co
mo esta tierra: y luego tocaua cō
los dedos en la tierra, y llegaualos
ala boca, y la mjalos: y ansi comja
tierra, haziendo iuramento. Quan
do por alguna necessidad, alguno
de mandaua asu dios ayuda, ha
zia voto, y iuramento, de hazer
tal coza, por su serujcro, y cumplia
lo
c
olifera. a
A
uls
s G 
P. er5 Ploy. Et o</Unicode>
            </TextEquiv>
        </TextRegion>
        <TextRegion orientation="0.0" id="r2" custom="readingOrder {index:1;}">
            <Coords points="1424,165 1424,3936 2613,3936 2613,165"/>
            <TextLine id="r2l1" custom="readingOrder {index:0;}">
                <Coords points="1565,257 1645,237 2225,259 2278,239 2280,157 2171,119 2060,137 1985,100 1936,118 1879,91 1806,107 1705,87 1566,188"/>
                <Baseline points="1574,231 1608,230 1643,228 1678,228 1713,228 1748,227 1783,227 1817,227 1852,227 1887,227 1922,227 1957,227 1992,228 2027,228 2061,230 2096,232 2131,233 2166,236 2201,238 2236,241 2271,245"/>
                <TextEquiv>
                    <Unicode>del liboro. 2</Unicode>
                </TextEquiv>
            </TextLine>
            <TextLine id="r2l2" custom="readingOrder {index:1;}">
                <Coords points="1428,414 1561,392 1634,449 1799,394 2007,428 2533,414 2535,318 2452,333 2364,284 2062,344 1962,288 1784,338 1431,292"/>
                <Baseline points="1437,396 1491,396 1545,396 1600,396 1654,396 1709,396 1763,398 1817,398 1872,399 1926,399 1981,401 2035,402 2089,404 2144,405 2198,407 2253,409 2307,411 2361,413 2416,416 2470,418 2525,420"/>
                <TextEquiv>
                    <Unicode>loia iquac intlavizcalli iehoa:</Unicode>
                </TextEquiv>
            </TextLine>
            <TextLine id="r2l3" custom="readingOrder {index:2;}">
                <Coords points="1450,616 1493,644 1550,604 2031,590 2140,666 2398,673 2469,607 2587,600 2589,484 2405,529 2055,522 1882,504 1795,444 1678,480 1586,424 1451,492"/>
                <Baseline points="1458,609 1514,601 1570,595 1626,591 1682,588 1738,587 1794,587 1850,588 1906,591 1962,593 2019,596 2075,599 2131,602 2187,605 2243,608 2299,609 2355,609 2411,609 2467,606 2523,602 2580,596"/>
                <TextEquiv>
                    <Unicode>Imelaoaca in quenjn tla</Unicode>
                </TextEquiv>
            </TextLine>
            <TextLine id="r2l4" custom="readingOrder {index:3;}">
                <Coords points="1421,756 1788,758 1839,720 1918,765 2111,723 2223,773 2593,741 2593,627 2429,680 2115,662 2041,604 1421,624"/>
                <Baseline points="1428,726 1485,721 1543,717 1601,714 1659,714 1717,713 1775,714 1833,714 1891,716 1949,718 2007,720 2064,722 2122,723 2180,725 2238,725 2296,723 2354,722 2412,719 2470,715 2528,709 2586,702"/>
                <TextEquiv>
                    <Unicode>tlauhtiloia diablome, yoan in que</Unicode>
                </TextEquiv>
            </TextLine>
            <TextLine id="r2l5" custom="readingOrder {index:4;}">
                <Coords points="1423,868 1620,859 1749,899 1804,864 1995,874 2072,907 2184,847 2494,842 2494,760 2313,749 2262,786 2110,722 1972,774 1822,723 1746,767 1608,748 1423,784"/>
                <Baseline points="1431,837 1483,835 1536,833 1589,831 1642,830 1694,830 1747,830 1800,830 1853,831 1905,831 1958,833 2011,833 2064,834 2116,834 2169,836 2222,836 2275,836 2327,834 2380,834 2433,833 2486,830"/>
                <TextEquiv>
                    <Unicode>njn muchioaia Juiamento.</Unicode>
                </TextEquiv>
            </TextLine>
            <TextLine id="r2l6" custom="readingOrder {index:5;}">
                <Coords points="1424,1036 1563,1071 1621,1029 2006,1022 2197,1093 2297,1026 2591,1021 2590,909 2385,944 2186,891 1995,923 1867,872 1586,910 1421,869"/>
                <Baseline points="1431,1023 1488,1023 1546,1022 1603,1022 1661,1022 1719,1022 1776,1022 1834,1022 1891,1022 1949,1022 2007,1022 2064,1022 2122,1020 2179,1019 2237,1019 2295,1016 2352,1014 2410,1010 2467,1007 2525,1002 2583,998"/>
                <TextEquiv>
                    <Unicode>Jniquac muchioaia Jutameto inj</Unicode>
                </TextEquiv>
            </TextLine>
            <TextLine id="r2l7" custom="readingOrder {index:6;}">
                <Coords points="1432,1185 1771,1138 2143,1206 2493,1183 2599,1169 2599,1041 2476,1030 2376,1092 2143,1089 2079,1033 1987,1082 1432,1093"/>
                <Baseline points="1440,1137 1497,1133 1555,1131 1612,1131 1670,1131 1728,1131 1785,1133 1843,1134 1900,1137 1958,1139 2016,1140 2073,1142 2131,1143 2188,1143 2246,1143 2304,1142 2361,1139 2419,1135 2476,1129 2534,1123 2592,1112"/>
                <TextEquiv>
                    <Unicode>quac aca qujnetoltia iconeuh ivjc</Unicode>
                </TextEquiv>
            </TextLine>
            <TextLine id="r2l8" custom="readingOrder {index:7;}">
                <Coords points="1453,1271 1949,1296 2387,1265 2515,1301 2587,1265 2587,1165 2228,1218 1999,1215 1776,1138 1694,1196 1506,1213 1453,1180"/>
                <Baseline points="1461,1256 1519,1256 1578,1256 1637,1257 1696,1257 1755,1259 1814,1262 1873,1263 1932,1265 1991,1265 2049,1266 2108,1266 2167,1266 2226,1266 2285,1263 2344,1261 2403,1257 2462,1253 2521,1245 2580,1238"/>
                <TextEquiv>
                    <Unicode>pa Diablome, aço vecan, anoço</Unicode>
                </TextEquiv>
            </TextLine>
            <TextLine id="r2l9" custom="readingOrder {index:8;}">
                <Coords points="1456,1394 1653,1371 2038,1434 2143,1392 2280,1440 2392,1396 2596,1397 2597,1291 2282,1313 2027,1274 1610,1324 1457,1283"/>
                <Baseline points="1464,1382 1520,1379 1576,1377 1632,1377 1689,1377 1745,1379 1801,1380 1857,1383 1914,1385 1970,1388 2026,1389 2082,1391 2139,1392 2195,1394 2251,1394 2307,1392 2364,1391 2420,1388 2476,1384 2532,1378 2589,1370"/>
                <TextEquiv>
                    <Unicode>ixcan qujnetoltia, in tlein qujtl</Unicode>
                </TextEquiv>
            </TextLine>
            <TextLine id="r2l10" custom="readingOrder {index:9;}">
                <Coords points="1439,1530 1994,1526 2073,1493 2403,1539 2608,1496 2608,1407 2477,1394 2405,1465 1653,1372 1439,1416"/>
                <Baseline points="1446,1500 1503,1497 1561,1496 1619,1494 1677,1494 1734,1496 1792,1497 1850,1499 1908,1500 1965,1503 2023,1505 2081,1506 2139,1508 2196,1509 2254,1509 2312,1508 2370,1506 2427,1503 2485,1499 2543,1492 2601,1485"/>
                <TextEquiv>
                    <Unicode>chiviliz ibtablome, aço motlaiyte</Unicode>
                </TextEquiv>
            </TextLine>
            <TextLine id="r2l11" custom="readingOrder {index:10;}">
                <Coords points="1430,1677 1503,1646 1641,1672 1726,1623 2024,1703 2247,1655 2456,1675 2620,1618 2621,1536 2518,1523 2429,1585 2289,1533 1982,1583 1879,1523 1778,1549 1685,1503 1430,1552"/>
                <Baseline points="1437,1622 1495,1620 1554,1619 1613,1619 1672,1619 1731,1620 1789,1622 1848,1625 1907,1626 1966,1628 2025,1631 2083,1632 2142,1634 2201,1634 2260,1634 2319,1632 2377,1631 2436,1626 2495,1622 2554,1615 2613,1607"/>
                <TextEquiv>
                    <Unicode>quj piltontli, anoço tlein iprantos</Unicode>
                </TextEquiv>
            </TextLine>
            <TextLine id="r2l12" custom="readingOrder {index:11;}">
                <Coords points="1425,1760 1651,1764 1733,1818 1920,1769 1971,1810 2138,1770 2538,1800 2611,1768 2612,1652 2355,1709 2243,1662 2126,1702 1769,1683 1671,1716 1519,1648 1426,1678"/>
                <Baseline points="1433,1751 1491,1751 1550,1751 1608,1752 1667,1754 1725,1755 1784,1757 1842,1760 1901,1762 1959,1764 2018,1766 2077,1767 2135,1769 2194,1769 2252,1767 2311,1767 2369,1764 2428,1761 2486,1755 2545,1749 2604,1742"/>
                <TextEquiv>
                    <Unicode>chioa, iquac quinetoltiaia, injc</Unicode>
                </TextEquiv>
            </TextLine>
            <TextLine id="r2l13" custom="readingOrder {index:12;}">
                <Coords points="1420,1925 2151,1908 2439,1951 2602,1870 2601,1778 2453,1834 2277,1776 2024,1851 1802,1783 1703,1842 1419,1798"/>
                <Baseline points="1427,1887 1485,1890 1543,1892 1602,1894 1660,1896 1719,1896 1777,1898 1835,1899 1894,1899 1952,1899 2011,1898 2069,1898 2127,1896 2186,1895 2244,1893 2303,1892 2361,1890 2419,1886 2478,1883 2536,1881 2595,1877"/>
                <TextEquiv>
                    <Unicode>ivicpa tlamaceoaz, Aut noioa</Unicode>
                </TextEquiv>
            </TextLine>
            <TextLine id="r2l14" custom="readingOrder {index:13;}">
                <Coords points="1442,2071 1556,2022 1681,2053 2057,2019 2196,2062 2254,2022 2596,2011 2594,1918 2553,1908 2398,1956 2247,1913 1666,1962 1439,1915"/>
                <Baseline points="1449,2018 1506,2018 1563,2018 1620,2018 1677,2018 1734,2018 1791,2018 1848,2019 1905,2019 1962,2019 2019,2018 2076,2018 2133,2016 2190,2015 2247,2013 2304,2011 2361,2007 2418,2003 2475,1998 2532,1991 2589,1986"/>
                <TextEquiv>
                    <Unicode>iquac muchioaia in Juramento</Unicode>
                </TextEquiv>
            </TextLine>
            <TextLine id="r2l15" custom="readingOrder {index:14;}">
                <Coords points="1423,2180 2010,2152 2118,2205 2196,2167 2362,2189 2560,2140 2608,2108 2607,2035 2363,2037 2163,2101 2028,2041 1786,2097 1699,2065 1422,2094"/>
                <Baseline points="1431,2156 1489,2152 1548,2149 1606,2147 1665,2147 1723,2147 1782,2148 1840,2150 1899,2151 1957,2153 2016,2154 2074,2154 2133,2154 2191,2154 2250,2153 2308,2150 2367,2146 2425,2140 2484,2132 2542,2122 2601,2109"/>
                <TextEquiv>
                    <Unicode>in iquac aca tlein qujteilhujaio,</Unicode>
                </TextEquiv>
            </TextLine>
            <TextLine id="r2l16" custom="readingOrder {index:15;}">
                <Coords points="1421,2321 1493,2340 1565,2278 1681,2345 2029,2283 2261,2321 2411,2286 2465,2325 2588,2289 2586,2185 2505,2147 2452,2198 2339,2174 2276,2207 2201,2167 2093,2233 1864,2163 1736,2228 1419,2221"/>
                <Baseline points="1428,2280 1485,2280 1543,2282 1600,2283 1658,2283 1716,2285 1773,2286 1831,2286 1888,2286 1946,2288 2004,2288 2061,2286 2119,2285 2176,2284 2234,2282 2292,2278 2349,2274 2407,2269 2464,2264 2522,2258 2580,2249"/>
                <TextEquiv>
                    <Unicode>njc qujneltiliaia, ilhujloia. Jnjc</Unicode>
                </TextEquiv>
            </TextLine>
            <TextLine id="r2l17" custom="readingOrder {index:16;}">
                <Coords points="1432,2428 2465,2439 2578,2424 2577,2307 2182,2368 2008,2294 1707,2352 1602,2285 1431,2348"/>
                <Baseline points="1440,2427 1496,2422 1553,2417 1609,2414 1666,2412 1722,2411 1779,2411 1835,2411 1892,2412 1948,2413 2005,2414 2062,2415 2118,2415 2175,2415 2231,2415 2288,2415 2344,2412 2401,2410 2457,2405 2514,2400 2571,2393"/>
                <TextEquiv>
                    <Unicode>neltiz motlatol, injc amotiztlaca</Unicode>
                </TextEquiv>
            </TextLine>
            <TextLine id="r2l18" custom="readingOrder {index:17;}">
                <Coords points="1435,2562 1872,2549 1951,2588 2043,2552 2192,2599 2267,2551 2434,2573 2588,2510 2587,2421 2445,2476 2187,2443 2018,2476 1900,2425 1837,2471 1650,2436 1434,2472"/>
                <Baseline points="1443,2553 1499,2549 1556,2546 1613,2544 1670,2543 1727,2542 1784,2543 1840,2543 1897,2543 1954,2544 2011,2546 2068,2546 2125,2546 2182,2546 2238,2546 2295,2543 2352,2541 2409,2537 2466,2532 2523,2524 2580,2516"/>
                <TextEquiv>
                    <Unicode>tiz tlaxontlalqua: iquac njmāc</Unicode>
                </TextEquiv>
            </TextLine>
            <TextLine id="r2l19" custom="readingOrder {index:18;}">
                <Coords points="1444,2686 1586,2729 1684,2678 1836,2709 1992,2680 2103,2745 2359,2753 2597,2662 2596,2549 2358,2616 2267,2566 2191,2614 2005,2623 1652,2614 1565,2576 1444,2652"/>
                <Baseline points="1452,2684 1508,2679 1565,2675 1622,2672 1679,2670 1736,2670 1793,2670 1849,2671 1906,2672 1963,2673 2020,2675 2077,2676 2134,2677 2191,2678 2247,2678 2304,2676 2361,2674 2418,2671 2475,2667 2532,2661 2589,2652"/>
                <TextEquiv>
                    <Unicode>alquaia, in aqujn tlenqujteitia</Unicode>
                </TextEquiv>
            </TextLine>
            <TextLine id="r2l20" custom="readingOrder {index:19;}">
                <Coords points="1434,2830 1639,2816 1707,2866 1865,2825 1983,2881 2154,2819 2315,2863 2461,2818 2517,2869 2549,2860 2549,2686 2359,2752 2033,2710 1957,2753 1915,2716 1780,2747 1599,2721 1434,2771"/>
                <Baseline points="1442,2811 1499,2810 1557,2810 1615,2808 1673,2809 1731,2810 1789,2810 1846,2810 1904,2811 1962,2811 2020,2813 2078,2813 2136,2813 2193,2813 2251,2813 2309,2811 2367,2811 2425,2808 2483,2806 2541,2804"/>
                <TextEquiv>
                    <Unicode>aia ic qujneltiliaia in jtlatoi</Unicode>
                </TextEquiv>
            </TextLine>
            <TextLine id="r2l21" custom="readingOrder {index:20;}">
                <Coords points="1425,2961 1894,2949 2012,2961 2088,3018 2270,2946 2449,2981 2572,2922 2572,2836 2516,2872 2462,2834 2375,2894 2174,2835 1955,2887 1840,2839 1729,2881 1641,2848 1426,2868"/>
                <Baseline points="1433,2939 1489,2937 1546,2936 1602,2936 1659,2936 1716,2937 1772,2938 1829,2939 1885,2942 1942,2943 1999,2945 2055,2946 2112,2948 2168,2948 2225,2948 2282,2948 2338,2946 2395,2944 2451,2940 2508,2936 2565,2930"/>
                <TextEquiv>
                    <Unicode>ic amo iztlacamachoiac qujtoaā</Unicode>
                </TextEquiv>
            </TextLine>
            <TextLine id="r2l22" custom="readingOrder {index:21;}">
                <Coords points="1438,3091 1589,3056 1642,3104 1711,3058 2064,3103 2526,3085 2596,3052 2597,2976 2488,2960 2386,3028 2260,2966 2101,3024 1858,2971 1790,3008 1696,2965 1582,2957 1506,3010 1438,2977"/>
                <Baseline points="1446,3068 1503,3063 1560,3060 1617,3059 1674,3059 1731,3059 1788,3062 1846,3065 1903,3067 1960,3069 2017,3073 2074,3075 2131,3077 2188,3079 2246,3080 2303,3078 2360,3075 2417,3072 2474,3064 2531,3055 2589,3044"/>
                <TextEquiv>
                    <Unicode>vel qujmati intonatiuh in tlalco</Unicode>
                </TextEquiv>
            </TextLine>
            <TextLine id="r2l23" custom="readingOrder {index:22;}">
                <Coords points="1416,3204 1985,3255 2047,3216 2253,3224 2349,3276 2588,3207 2590,3110 2440,3159 2264,3079 2114,3154 1952,3096 1814,3141 1558,3119 1417,3151"/>
                <Baseline points="1424,3197 1481,3195 1539,3195 1597,3195 1655,3196 1713,3198 1770,3200 1828,3203 1886,3205 1944,3207 2002,3210 2059,3212 2117,3214 2175,3215 2233,3216 2291,3216 2348,3215 2406,3212 2464,3208 2522,3203 2580,3198"/>
                <TextEquiv>
                    <Unicode>cutli ienontlalqua. Iuhqujin tin</Unicode>
                </TextEquiv>
            </TextLine>
            <TextLine id="r2l24" custom="readingOrder {index:23;}">
                <Coords points="1434,3333 1788,3340 1848,3383 1890,3349 2254,3353 2356,3392 2598,3337 2601,3213 2526,3261 2350,3276 1905,3226 1750,3250 1688,3212 1435,3266"/>
                <Baseline points="1442,3332 1499,3329 1556,3328 1614,3327 1671,3329 1729,3330 1786,3333 1844,3336 1901,3339 1959,3342 2016,3345 2073,3348 2131,3350 2188,3353 2246,3354 2303,3354 2361,3354 2418,3352 2476,3349 2533,3343 2591,3336"/>
                <TextEquiv>
                    <Unicode>muchioaia Jutamento. Auh intla</Unicode>
                </TextEquiv>
            </TextLine>
            <TextLine id="r2l25" custom="readingOrder {index:24;}">
                <Coords points="1446,3472 2312,3517 2577,3476 2579,3405 2436,3428 2372,3381 2268,3430 2087,3425 2016,3362 1936,3399 1893,3360 1687,3404 1616,3352 1449,3374"/>
                <Baseline points="1454,3462 1509,3461 1565,3461 1621,3461 1677,3463 1733,3465 1788,3467 1844,3472 1900,3475 1956,3478 2012,3482 2067,3485 2123,3487 2179,3489 2235,3491 2291,3491 2346,3490 2402,3488 2458,3483 2514,3477 2570,3471"/>
                <TextEquiv>
                    <Unicode>tlatlauhtiliztli, ic muchivaio</Unicode>
                </TextEquiv>
            </TextLine>
            <TextLine id="r2l26" custom="readingOrder {index:25;}">
                <Coords points="1437,3599 2438,3636 2597,3598 2599,3484 2369,3564 2115,3502 1984,3549 1914,3485 1439,3510"/>
                <Baseline points="1445,3581 1502,3584 1559,3588 1616,3591 1673,3595 1731,3598 1788,3603 1845,3606 1902,3609 1959,3611 2017,3614 2074,3616 2131,3617 2188,3618 2245,3618 2303,3617 2360,3615 2417,3611 2474,3606 2531,3602 2589,3596"/>
                <TextEquiv>
                    <Unicode>can iehoatl in tlenamaqujli</Unicode>
                </TextEquiv>
            </TextLine>
            <TextLine id="r2l27" custom="readingOrder {index:26;}">
                <Coords points="1445,3755 1606,3807 2172,3768 2388,3812 2587,3754 2588,3678 2404,3706 2273,3651 2146,3702 2091,3656 2004,3707 1829,3712 1574,3665 1512,3618 1446,3649"/>
                <Baseline points="1452,3729 1508,3734 1564,3737 1621,3741 1677,3745 1733,3749 1790,3752 1846,3755 1902,3756 1959,3758 2015,3759 2071,3761 2128,3762 2184,3762 2240,3761 2297,3760 2353,3758 2409,3756 2466,3753 2522,3749 2579,3744"/>
                <TextEquiv>
                    <Unicode>tli, yoan nextlavaliztli, yoil</Unicode>
                </TextEquiv>
            </TextLine>
            <TextLine id="r2l28" custom="readingOrder {index:27;}">
                <Coords points="1427,3933 1623,3965 1682,3919 1827,3906 2087,3937 2173,3897 2393,3925 2479,3894 2478,3771 2379,3817 2330,3781 2175,3785 2118,3830 1930,3779 1857,3819 1792,3780 1660,3821 1522,3761 1426,3788"/>
                <Baseline points="1434,3881 1485,3888 1537,3893 1589,3897 1641,3901 1693,3903 1745,3905 1797,3905 1849,3905 1901,3905 1953,3903 2004,3902 2056,3900 2108,3897 2160,3896 2212,3894 2264,3891 2316,3890 2368,3888 2420,3887 2472,3885"/>
                <TextEquiv>
                    <Unicode>tlalqualizztli, nestlavaliztli:</Unicode>
                </TextEquiv>
            </TextLine>
            <TextEquiv>
                <Unicode>del liboro. 2
loia iquac intlavizcalli iehoa:
Imelaoaca in quenjn tla
tlauhtiloia diablome, yoan in que
njn muchioaia Juiamento.
Jniquac muchioaia Jutameto inj
quac aca qujnetoltia iconeuh ivjc
pa Diablome, aço vecan, anoço
ixcan qujnetoltia, in tlein qujtl
chiviliz ibtablome, aço motlaiyte
quj piltontli, anoço tlein iprantos
chioa, iquac quinetoltiaia, injc
ivicpa tlamaceoaz, Aut noioa
iquac muchioaia in Juramento
in iquac aca tlein qujteilhujaio,
njc qujneltiliaia, ilhujloia. Jnjc
neltiz motlatol, injc amotiztlaca
tiz tlaxontlalqua: iquac njmāc
alquaia, in aqujn tlenqujteitia
aia ic qujneltiliaia in jtlatoi
ic amo iztlacamachoiac qujtoaā
vel qujmati intonatiuh in tlalco
cutli ienontlalqua. Iuhqujin tin
muchioaia Jutamento. Auh intla
tlatlauhtiliztli, ic muchivaio
can iehoatl in tlenamaqujli
tli, yoan nextlavaliztli, yoil
tlalqualizztli, nestlavaliztli:</Unicode>
            </TextEquiv>
        </TextRegion>
    </Page>
</PcGts>
