2438 3610
984 9 1472 172 de los agueros.
2130 109 2291 217 fo. 4
121 135 1154 288 sando por ella mjnbres: las qua
1250 157 2318 312 in inteouh: yiacatecutli. Vncan ix
118 249 1138 390 les en sangrentadas, las ofrecian
1231 276 2288 424 pan tlamaceoa, mjço, monacazte
104 341 1172 486 ala gaujlla de aquellos bacculos,
1245 382 2283 536 quj, tlacoqujxtia, ca qujmocem
89 441 1148 575 que estauan todos atados: y todos
1240 488 2293 651 macatoque, in tlein inpan, ie om
106 529 1156 676 ellos, propoujan, de rescebir: en pa
1240 602 2292 748 muchioatz: auh aocac ontlama
92 615 1172 780 ciencia, por honrra de sudios, quai
1216 727 2311 882 ti, aocac: itlamatia, intla iuhquj
99 758 1129 896 qujera cosa, que les aconteciesse,
99 852 1096 975 de alli adelante, no curaran
1225 845 2270 1003 inpan muchioa, in juhquj ic o
93 957 1119 1103 de giensar mas: onque alguta
1236 975 2291 1135 qujntetzauj oactli. Auh anoçe
97 1046 1147 1205 cosa les auja de aconteçer aduer
1244 1112 2294 1276 çan maqujca, acacotle inpan
74 1143 1124 1301 la: por el aguero, que aujan oy
1222 1218 2297 1362 muchioa: in vncan innemauhti
68 1239 1119 1409 do, de ciquel quē: que jellama
1225 1353 2336 1488 aia, in jnmaujzcujian omuchiuh
87 1351 1120 1508 oactli. y passando el termjño, de
82 1468 1120 1611 aquel aguero: si njnguna, cosa
1220 1458 2376 1609 ca.Jntlacatle inpan omuchiuh
76 1566 1116 1716 les acontecia, consolauanse, y to
1213 1579 2265 1773 ic occeppā achitzin, oalmoiolitz
88 1680 1132 1818 mauan aliento, y esfuerco: vorque
1218 1710 2306 1857 calia: oalaquetza onmoquaaha
63 1785 1140 1951 su espanto, no vino en efeto fpexo
1225 1846 2312 2003 iouja: ic ommotonallalilia: injc
54 1881 1141 2058 algunos dela companja, que eran
1211 1942 2268 2111 intech oacca maujztli: auh in
64 1989 1105 2161 medrosos, y de poco esfuercō: to
1206 2077 2281 2234 mauhcatlaca teteiccaoa, in amo
65 2112 1102 2252 davia yvan contemor, deque di
76 2209 1140 2359 guna cosa, les auja, de acontecer.
1198 2203 2296 2344 tonalchicaoaque, in amotonalla
61 2323 1103 2476 y ali, nj se alegrauan, nj habla
1203 2304 2269 2508 paliuj: ça ie in qujmattiuj, in quj
57 2444 1096 2577 uan, nj pogian xescabit, confola
1197 2443 2286 2624 mamattiuj: aocmo paquj, aocmo
63 2541 1104 2690 cion: yvan, como desmayados, y
1194 2547 2225 2714 tlatoa, aocmo naoati, aoccan
63 2642 1108 2807 benlatiuos, deque alguna cosa,
1204 2655 2259 2828 auja imjollo: ça tlanauhtiuj, in
39 2747 1083 2895 les auja de acontecer, de ende
1205 2801 2248 2932 nenemj, ca imjtic tlacujcujloti
38 2838 1104 3010 a algun trēcho adelante: yuā
1200 2882 2269 3088 uj, in tlemmach qujlnanquj: a
30 2950 1097 3111 pensando, queloque no les auja
1191 2982 2255 3183 oetto: aiocmo iujian, in oc nen
25 3048 1090 3204 acontecido, antes cerca de la
1194 3082 2207 3282 achi qujtoca tlalli: ça ie inquj
37 3141 1088 3334 significacion, de aquel aguero,
1189 3232 2244 3371 mati, aço qujncana in ie commo
34 3281 1095 3467 que poruantura les aconteçeria
1185 3328 2260 3484 namjctizque, in tlein vel qujtozne
