2472 3934
561 32 1132 205 libro. E.
89 264 1222 384 de juncias: y ponjanlas con gran tien
80 357 1219 457 to, para que nose rrodassen, nj mene
89 420 1208 552 azen: y si se rodaua alguna, de a
82 513 1207 643 quellas bolas, los otros acusauan le
88 600 1191 719 de aquella culpa, porque auja de
91 674 1213 821 ser castigado por ella: y ansi esta
84 784 1203 871 uan con grande atencion, mjran
84 871 1219 977 do acada vno, como ponja su ofrē
91 926 1252 1081 da, para acusarle; aestas bolillas
81 1034 1245 1164 llamauan ventelolotli: y otros ofre
94 1138 1246 1270 cian, quatro tomates, o quatrochi
86 1211 1222 1373 les verdes. Mirauan tambien mu
103 1305 1206 1458 cho, alos que ofrecian, si trayan
103 1406 1243 1546 alguna cosa, de suziedad, ensus mā
98 1490 1219 1622 tas, como algun hilo, opaja, o cabel
92 1586 1220 1720 lo, opluma, o pelos: y altal luego
94 1673 1213 1818 le acusauan, y auja de ser castiga
93 1788 1225 1891 do porello. Mirauase tambien mu
112 1857 1228 1988 cno, si alguno tropecaua, o caya: por
88 1939 1208 2090 que luego acusauan altal, porque
98 2031 1225 2154 auja por ello de ser castigado: enestos
80 2112 1240 2263 quatro dias de su ayuno, juntamē
89 2184 1241 2312 te con quatro noches, todos andauā
93 2272 1231 2416 con mucho tiento, porno caer en la pe
99 2356 1216 2513 na, del castigo: acabado de ofrecer,
100 2459 1216 2576 cada dia venjan, vnos viejos, que
94 2564 1224 2679 llamauan quaquacujltin: los qua
85 2652 1224 2749 les trayan, las caras teñjdas dene
94 2713 1207 2874 gro, trasqujlados: saluo en la coro
100 2803 1202 2933 na de la cabeça, que tenja los ca
88 2881 1255 3027 bellos largos, al reves de los clerigos:
104 2975 1248 3094 estos coxian la ofrenda, y diujdianla en
95 3063 1219 3171 tresi todos estos quatro dias. Esta era
93 3136 1201 3266 la costumbre, de todos los satrapas, y de
101 3199 1250 3325 todos los cues, que quando ayunauan, qua
103 3281 1223 3392 tro dias, antes de la media noche, vna
111 3381 1213 3454 hora despertauan, y tañjan cornetas,
91 3447 1210 3565 y caracoles, y otros instrumentos, como,
100 3514 1213 3640 tanjendo amaytines: en aujendo tañjdo
97 3587 1220 3696 amaytines, luego todos se leuantauan,
79 3663 1247 3782 y desnudos, sin ninguna cobertura: yuā
97 3725 1232 3859 adonde estauan las puntas de maguey:
1573 44 2408 206 de las cerimonjas,
1312 245 2441 379 ytech qujtlazque, tlacoltontli, anoço
1316 361 2410 460 tocatzaoalli, anoço ichcatontli:
1315 443 2428 562 aço icpac, anoço itilmatitech, ic
1318 533 2414 653 caci, conmachiotia: anoçe mote
1311 620 2429 750 potlamja, moticujnja, anoço mo
1303 717 2404 879 tlaujtequj, muchi ic neaxioa:
1312 819 2435 985 naujlhujtl ynjn muchioaia, yoā
1317 962 2462 1073 nauhioal, in nematcanemoaia.
1311 1048 2425 1206 Auh in ie iuhquj, njman ic quj
1316 1157 2407 1320 quanja in quaquacujlti: qujmo
1323 1290 2407 1434 cujlia intech monequj, qujqua:
1317 1388 2408 1523 naujlhujtl in qujmocujliaia, in
1316 1498 2410 1626 motlaueuenjaia: auh ynaiamo
1307 1591 2431 1734 onaci ioalnepantla, mectlapitza
1318 1712 2437 1835 lo: auh yn ontlapitzaloc, njman
1306 1812 2422 1956 ie nepepetlaoalo, yoan neuitzte
1305 1906 2403 2066 co, yoan nenacazteco: njman
1306 1992 2402 2160 ie ic mezuja in vitztli, yoan ne
1314 2094 2429 2252 cua: auh in ie iuhquj, mec neque
1317 2205 2403 2347 tzalo, viloa, onnevtemalo, tlapi
1306 2310 2428 2451 tzalotiuh, qujpitztiuj, in tecciztli,
1304 2418 2410 2532 cohcouiloc chililitli. Auh in mu
1312 2514 2426 2655 chintin tlamacazque, qujmama
1306 2622 2432 2767 ma yn imiyiequach, yn mecacuj
1299 2713 2412 2877 quj, in memecacozquj, itech pi
1305 2829 2438 2964 pilcatiuh yn imiiequach, onteten
1293 2915 2414 3078 tiuh yiaqualli: yoan qujniacan
1286 3016 2417 3180 tiuh in tlenamacac, y tlemauh ie
1301 3110 2408 3266 tiuh, yoan yuitz ietiuh: yoan i
1305 3215 2397 3375 tlan cana icopalxiqujpil. Auh
1305 3347 2426 3501 ce tlacatl quacujlli teiacantiuh, quj
1305 3452 2437 3589 quechpanotiuh, aiochicaoaztli, nio
1315 3556 2410 3693 itoca naoalquaujtl, patlaoac, pa
1318 3637 2395 3781 tlactic, patlacpol: yoan viiac vi
1318 3705 2441 3882 tlatztic, yoan cacalaca, qujcacalhiy
