2542 3986
231 14 800 204 dela fiesta
36 233 999 360 que captiuauan, sobre vn tepo
35 334 1035 461 tiaztu, y alli le saçauan el cora
35 413 1054 539 con: y desque tornaua el dios pa
35 484 1028 627 ynal, ya que llegaua al lugar
32 571 1019 709 del cu, donde peleauan: y el
30 645 1043 784 que estaua mjrando, desde en
32 742 1024 862 zima del cu, daua vozes dizi
33 820 1038 959 endo: A mexicanos, no pelee
24 912 1087 1053 os mas, cesad de pelear, que ya
50 986 1060 1128 viene el señor paynal. Oyda
47 1070 1052 1220 esta voz, los que peleauan los
48 1181 1066 1304 soldados, echauan a huyr, y los
63 1283 1040 1416 esclauos sigujanlos: y assi se
63 1347 1055 1515 desbarataua la guerra, de lā
69 1449 1069 1599 te del dios paynal, trayandos
57 1555 1058 1708 plumajes redondos como ro
65 1669 1088 1799 delas, y tenjan el medio agu
66 1756 1039 1887 jerado, eran aquellas como
71 1845 1067 1986 macas, que lleuauan delan
87 1937 1104 2081 te, de aquel dios, puestasen
93 2026 1093 2164 vnas astas, como astas de lā
91 2130 1071 2257 ça: lleuauanlos, vnos mu
102 2201 1110 2333 chachos, corriendo, y en apa
110 2291 1111 2423 resciendo aquellas de lexos.
129 2394 1091 2512 atalaia, dauo vozes, que
132 2470 1105 2623 esalse la guerra: y llegan
116 2547 1121 2690 do cerca del cu de vitzilopu
114 2651 1124 2791 chtli, dos soldados, de aque
93 2751 1108 2903 llos, que acompañauan, to
96 2840 1130 2977 mauan las maças, a los mu
99 2932 1126 3074 chachos, y lleuauanlas corri
109 3015 1099 3150 endo, hazia el cu, y salian
95 3105 1122 3249 otros dos, y tomauanlas a a
87 3197 1129 3357 quellos: y lleuauanlas otro
93 3283 1132 3409 trecho, y ansi se remudaua
96 3381 1114 3514 hasta llegar ala puerta del
90 3475 1129 3611 patio del cu, de vitzilopuch
111 3572 1110 3710 tli, que se llamaua quauh
108 3664 1114 3756 qujraoac: llegando alli, nin
103 3747 1138 3879 guno podia tomar, las macas:
1345 11 2143 186 Panquetzalitztli.
2253 53 2495 182 fo. 8.7
1107 181 2296 345 yan coneltequj. Auh in tlachix
1108 326 2275 481 quj, moqujttac, moçonjttac i
1118 453 2254 588 ievitz Payjnal: mectzatzi, quj
1127 556 2273 743 toa, Mexicae, caievitz, caiemo
1132 666 2222 847 vicatz in tlacatl, maixqujcti.
1136 808 2314 979 Auh mo qujcacque: mectetoca
1153 919 2271 1094 mtlaaltilti: vncan xixitinj,
1144 1069 2315 1227 tlaxitinj, vivi, motepacevia
1160 1176 2346 1322 ia, mo tlaamaviaia. Niman
1154 1290 2272 1462 ie ic vitz in paynal: achtopa
1163 1410 2312 1584 oaleoa in machiotl, auh in
1163 1555 2322 1740 tlachielonj vntetl hivitl i
1164 1688 2346 1839 tlachioalli, yiticoionquj, ccē
1179 1802 2350 2007 ocpipiltotonti in qujoalitquj,
1179 1906 2341 2108 conca qujoalmotlalochtia: nj
1187 2014 2338 2223 man qujncujlitiqujça intia
1192 2126 2349 2328 caoan, in vel poana, i vel to
1173 2279 2374 2469 toca: auh moquexqujchoquj
1200 2457 2353 2617 oaltoctique, oc ceppa no vme
1214 2550 2376 2745 tin, qujncujlitiqujca, canjuh
1189 2679 2341 2880 qujn qujmo maranentivi.
1219 2812 2326 2966 Auh mo aerco quauhqujra
1201 2908 2381 3112 oac, aocac vel qujncujlia, ie
1199 3054 2383 3221 eoan qujpantlaçaszque, mju
1201 3160 2364 3364 pac vitzilobuchtli: in vel ia
1214 3333 2353 3470 cactiuh, mopan vetzato in
1214 3452 2380 3608 tlachielonj, ipan contlaca
1218 3570 2401 3722 mjxiptla vitzilobuchtli inhzo
1224 3694 2403 3833 alli: ca onchachapantivetizi:
