2602 4204
107 90 853 246 de los embustes
54 305 1160 484 dose vnasoga, los que estauan asi
49 431 1143 581 dos aella cayan, y murian subita
48 546 1128 676 mente, cayendo vnos sobre otros.
53 626 1116 788 vansi no pudiendo arrastrar al
48 740 1154 883 dicho muerto: dixo el dicho nigro
53 838 1139 979 mantico, alos dichos tultecas. A
49 956 1156 1131 tultecas este muerto, qujere vn
57 1058 1149 1211 derso de canto: y el mesmo dixo
54 1169 1147 1338 A canto diziendoles. Arrastral
63 1296 1176 1443 os al muerto tlacauepan in pin
65 1381 1109 1544 uantico, y ansi encantando
60 1515 1130 1674 este verso, luego comencaron
69 1601 1138 1770 aleuar arrastrando al muer
71 1735 1128 1903 to dando gritos, y bozes: y en
83 1833 1151 1996 quebrando vna soga, todos los
90 1930 1117 2069 que estauan asidos ala soga
102 2035 1178 2188 maueian: y los que se empuxa
119 2151 1165 2291 u vnos a otros, y los que ca
108 2250 1185 2409 yan, vnos sobre otros, todos mu
91 2348 1186 2494 rian: y lleuaron al muerto has
96 2467 1179 2619 el monte: y los que se boluje
101 2563 1187 2720 en, no sentian aquello, que les
101 2665 1187 2827 auja acaecido, porque estauā
70 2804 597 2926 orracnol
339 3674 533 3913 tic
1504 39 2546 229 de i llacaoa. foa8
1172 254 2324 425 in micquj, njmā ixie ic aoaca
1177 363 2410 534 intulteca, qujmolhuja tultecaie
1199 482 2366 663 macuale, matlatilimjlo: auh
1196 598 2342 791 can mjma amoquesa, avel co
1203 733 2419 911 linja: auh ice cotonj mecatl njmā
1204 861 2354 1053 ixqujchtin miquj in izqujntini
1205 1002 2366 1192 techonoque mecatl, vetzimo
1216 1156 2386 1345 nenepanotivetzi, njmā miquja.
1221 1274 2361 1465 auh imquac in çan mjna qauel
1236 1415 2422 1584 colinja in amvel itlanaquj, njma
1236 1550 2361 1732 ieic qujmilhuja, in tulteca in
1235 1680 2378 1834 tlacateculotl. Toltecaie icujc
1247 1827 2423 2007 quineqli, njman ie ic qujme
1248 1928 2449 2102 vilia in tulteca, in cujcatl, queuh,
1254 2070 2406 2229 xitlavilanaca ie tovepan tlaca
1257 2195 2458 2378 vepan tlacateculotl, auh in oque
1258 2308 2443 2517 vi, qujnie ieviolinque inmjc
1262 2469 2426 2651 quj, qujmotlalochtia, qujça
1266 2586 2466 2751 oatztvi, ice cotonmecatl, njma
1272 2710 2446 2864 muchintin inpaniauh in vepā
1277 2819 2441 3007 tli, in jnpan motlaloa, yoan
1269 2975 2507 3137 iniequjntin in canmoquequetzque.
1270 3092 2452 3248 imopapatzoque, icmjcque: auh
1281 3199 2460 3385 in oqujxqujchtin moçauhque qui
1285 3331 2485 3501 tlacato inmjcquj, in tlacavepan
1285 3484 2498 3636 njman ieic oalmocuepa, iuhquj
1294 3569 2471 3768 naoctle ipan qujtta in ixqujch
1294 3716 2465 3867 inpan muchioaia, aocmoquj
1313 3832 2474 3984 tetzauhmatia iuhqujnoivjntiq.
