1604 2508
260 57 643 171 delos edificios,
72 169 691 263 pas, del dios xiuhtecutli: y aquj
79 246 707 327 sacauan fuego nueuo, cada año
74 287 712 375 en la fiesta, oauhqujltamalqua
82 338 703 418 liztli: y de aquj sacauan el fuege
16 388 706 472 dueuo, quantoqujera, que el señor, a
77 441 730 527 uja de incensar, delante de los dio
87 510 142 558 ses
82 507 726 630 El sexagessimo segundo edificio, se
82 593 719 661 llamaua temalacatl: era vna
84 640 705 721 piedra, como mucla de molino
88 688 710 796 grande, y estaua agujerada,
82 741 723 851 enel medio, como muela de mo
86 814 721 896 lino. Sobre esta piedra, ponjan
92 852 729 938 los esclauos, y acuchillauanse cō
90 912 724 1010 ellos, estauan atados por el me
88 987 724 1072 dio del cuerpo: de tal manera
92 1029 733 1137 que pudian llegar, hasta la cir
102 1083 738 1166 cunferencia de la piedra, y da
94 1143 727 1225 uan las armas, conque pele
89 1205 724 1283 essen. Era este vn espectaculo,
106 1260 727 1357 muy frequente, y donde conco
107 1321 724 1414 uja gente, de todas las comar
100 1360 729 1458 cas averle: vn satrapa vestidi
105 1415 733 1514 de vn pellejo, de oso, o cuetlach
101 1471 700 1558 tli: era alli el padrino de los
98 1535 732 1621 captiuos, que alli matauan, q̄
99 1591 731 1671 los lleuaua, a la piedra, y los a
101 1645 737 1728 taua alli, y los daua las armas,
97 1700 718 1792 y los lloraua, entre tanto que
104 1744 713 1834 peleauan: y quando caya lo
102 1803 739 1890 entregaua, al que le auja desa
100 1847 741 1930 car el coraçon, que era otro sa
94 1898 737 1981 trapa, vestido con otro pellejo,
100 1948 709 2038 que se llamaua looallaoan,
98 1999 751 2097 Esta rela cion, queda escrita
104 2049 760 2160 ala larga, en la fiesta de tlaca
91 2136 348 2208 xipeoaliztli.
1357 54 1512 139 fo. 11
831 50 1129 153 del templo
746 151 1476 246 xiuhtecutli: vmpa concuja in tletl
760 217 1450 299 in jquac tlenamacaia motecuço
751 264 1457 362 ma, yoan vncan vetzia in tlequa
754 334 1438 413 vitl: cexiuhtica, ipan oauhqujl
762 398 1097 495 tamalqualiztli.
783 479 1148 585 Temalacatl
753 532 1469 635 Intemalacatl: vncan tlaoaoano
758 588 1479 696 ia, in vncan qujnoaoanaia, cen
766 647 1479 765 ca mjequjntin in mamalti: auh
762 701 1458 827 injctlaoaoanoia, vel ixqujchtla
767 785 1460 897 catl oalhuja in cematonaoac, in
759 837 1453 953 oallamjctiaia, in vnean tema
759 899 1472 1020 lacac: auh vncan in tequjppan
776 991 1460 1088 catca in cuetlachtli, onteque
773 1045 1501 1157 tzaia in temalacac. Auh in jquac
779 1122 1498 1212 oconquetzmalli: njman yeic con
766 1174 1476 1268 maca in ocotzontetl, yoan con
771 1239 1485 1347 maca quavitl tlapotonjlli. Auh
767 1304 1478 1411 njman zeiauh in teixiptla, inte
777 1372 1467 1476 vivitequjz: aço quauhtli, anoço, o
779 1454 1466 1533 ielutl: njman ie qujvivitequj in
764 1514 1482 1607 malli, iuhqujn moiauchioa: yo
776 1574 1477 1677 an, vncan itequjppan catca, yni
779 1636 1487 1732 toca chalchiuhtepeoa. Auh inj
781 1713 1485 1814 quac ovetz malli: njman yeic
781 1764 1477 1862 tevilana in cuetlachtli: njman
775 1830 1502 1942 teic queltetequj in malli: auh in
774 1897 1484 1996 iehoatl tlamictiaia in jtoca catca
776 1968 1482 2073 Iooallaoan, teeltetequja. Auh
782 2041 1489 2138 in jquac oconeltetecque malli:
785 2110 1474 2202 njman yoic tlatzintlan qujoal
784 2175 1479 2259 laca: auh in muchioaia, yn, ce
777 2215 1502 2334 xiuhtica ypan in tlacaxipeoaliztli.
