1592 2454
181 69 487 172 Capitulo. 12.
40 173 758 261 que estas delante del, aunque no eres dig
43 232 734 300 no de verle: n aunque el te hable: por
35 273 726 354 que es inujssible, y no palpable. Pues,
45 334 718 398 mjra, como vienes, que coraçon traes:
39 372 731 450 no dudes de publicar tus secretos, ensu
34 414 717 502 presencia: cuenta tu vida, relata tus
46 466 732 555 obras: de la mjsma manera que hezis
38 509 739 600 te, tus excesos y offensas. Derrama
43 571 745 647 tus maldades, en su presencia: cuenta cō
46 618 726 698 tristeza, anr̄o señor dios, que es fauo
43 666 737 740 recedor de todas: y tiene, abiertos los
40 720 740 801 braços, y esta aparejado, para abra
41 764 723 868 çarte: y para tomarte acuestas. Mi
43 818 750 915 ra que no dexes nada por verguença:
42 869 740 965 mjra que no dexes nada, por flaqueza:
39 922 738 1017 Oydo esto, el penitente, luego hazia jura
43 984 721 1051 mento, de dezir la verdad: de la mane
55 1027 746 1117 ra, que ellos vsauan jurar: tocando la
42 1078 735 1166 tierra, con la mano, y lamjendo, lo que
49 1133 748 1222 se le auja pegado: y luego echaua, copal
43 1189 730 1276 li, enel fuego: que era otro juramēto,
46 1234 736 1326 cerca de dezir, la verdad: luego se sen
45 1290 738 1384 taua, delante del satrapa. Y porque le
38 1347 730 1439 tenja, como por ymagen, y vicario de
46 1403 748 1487 dios: començauale, a hablar desta ma
50 1450 730 1528 nera. O señor nuestro, que atodos reci
49 1500 730 1580 bes, y ampares: oye mjs hediondeças, y
50 1550 742 1627 pudredumbres: entu presencia, me des
42 1600 723 1671 nudo, y hecho fuera, todas mjs verguē
42 1651 738 1720 ças, quantas he echo: no te son por cier
41 1681 728 1771 to occultas, mjs maldades, que he he
42 1744 728 1827 cho: porque todas las cosas, te son ma
47 1801 716 1878 njfiestas; y claras Dicho esto: luego
45 1851 733 1926 comjença, adezir sus pecados: por la mjs
46 1894 709 1985 ma orden, que los hizo: con toda cla
46 1953 727 2033 ridad, y reposo: como qujen, dize vn
35 2007 710 2084 cantar, muy de espacio, y muy pro
41 2060 724 2138 nunciado: y como qujen va, por vnca
45 2111 718 2184 mjno, muy derecho: sin desujar, a
45 2154 725 2227 vna parte, nj aotra. Y acabando de
50 2200 718 2281 dezir, todo lo que auja hecho: comen
1475 18 1561 75 2o.
825 60 1211 167 de tlaçulteutl.
1389 87 1529 171 fo. 8
799 173 1497 282 tlapilli, yn atlapalli, yn maceoa
787 244 1489 352 lli: njcan chocatiujtz, tlaocuxti
786 323 1467 425 ujtz, moteupouhtiujtz, ancan
781 391 1496 493 omalauh, ancan omotepotlamj,
781 461 1486 566 ancan oqujnamjc yn vitlallotl,
777 537 1494 636 in tocatzaoalli, yn çacamjtl; aquj
779 608 1478 716 iolitlacoa, qujtequjpachoa, Tla
776 687 1475 792 catle, totecujoe, tloquehe naoa
786 762 1479 872 quehe, manoço xicmocujli, ma
780 834 1460 924 xicmocaqujti, yn jnentlamachi
777 885 1466 1022 liz yn maceoalli. Niman quj
777 976 1472 1085 notza, yn moiolmelauhquj, in
773 1044 1469 1148 iehoatl tlapouhquj: qujlhuja.
782 1120 1458 1218 Tioalmovicatia yujctzinco, iix
776 1178 1468 1295 pantzinco, in tloque naoaque:
772 1240 1458 1363 ticmolhujlico, ticmomaqujlico,
780 1321 1485 1433 yn mjiaca, in mopalanca: ticmo
771 1388 1453 1504 tlapolhujlico, in motop, immope
771 1466 1483 1573 tlacal, a ma no ceppa ieh njcan
775 1545 1498 1657 timatoiauj, timotepexiuj: ma
776 1637 1481 1739 ixpantzinco ximopepetlaoa, xi
772 1701 1467 1798 momamaxauj, in tloque, naoa
774 1782 1477 1890 que, in totecujo, in ioalli, in ehe
767 1852 1456 1961 catl. A cujx tictlacaittaz into
770 1933 1468 2028 tecujo, a cujx mjtztlacanotzaz:
768 1996 1460 2103 ca ioalli, ca ehecatl. Auh ynjn
768 2085 1446 2183 quentiujtz, ma xictlapo im mo
766 2146 1450 2225 top, in mopetlacal: ma xicpoa
754 2197 1485 2294 in monemjliz, in motlachioal, yvin
1398 2338 1454 2377 ro
