2412 3694
1008 0 1522 178 de los agueros
2221 96 2375 194 fo. 8.
159 131 1207 289 alla enel infierno ante desto, no
1315 153 2348 326 saoa: maxitlamatpolotiuh, cujlon
160 253 1219 374 puedo yr. Dezian, que por esto le in
1305 274 2348 433 pul:cuix oticcoionj in tzontli icnatli
148 348 1209 495 iuriauan destamanera: para esca
1297 399 2355 541 tiaz: caiamocuel innjias. Jnjc iuh
139 450 1215 610 parse del mal aguero, que pronos
1293 506 2365 661 tonaoa in, qujlmachiuhqujn icone
135 541 1202 722 ticaua: y para noser obligados a
1284 603 2330 782 patilo, icqueleltia, ic qujlochtia, ic
131 657 969 847 cumplir, su llamamjento.
1279 713 2318 873 qujiacatzaeuiliai, in jtenotzaliz: injc
1275 847 2299 997 amo inpan neltiz, icqujntzatzilia,
131 934 1198 1155 El sexto capitulo, trdeça del
1277 957 2312 1167 Tcchiquacen capitulo, vncan mj
115 1083 1186 1239 mal douero que tomauan: quado
1288 1101 2338 1273 toa: in tetzaujtl catca, injc motetzauj
137 1187 1194 1324 viain, que la comadreja, o mostoli
1282 1235 2355 1389 aia: in jquac aca qujttaia, cocamatl in
121 1282 1207 1429 lla citrauesqua por delante dellos,
1261 1313 1901 1454 teixpan tlqujltequja.
112 1381 1183 1560 quando yvan por el camjno, o por
106 1476 405 1604 la callē.
1251 1454 2292 1711 No ioan netetzaujloia in coça
103 1583 1173 1774 D este anjmalejo, que sellama
1259 1635 2295 1819 matl, anoço coçatli: in jquac aca
118 1726 1171 1858 comadreia, o mostolilla se espanta
1245 1738 2319 1919 ichan calaquja: anoço vtlica, cana quj
110 1813 1164 1954 uan, y tomauan mal aguero: quan
1247 1854 2263 2021 namjquj: qujiacaujltequj, ixpan
101 1903 1137 2028 do la vian entrar ensu casa, o atra
91 2002 1146 2126 uesar por delante deli: quando y
1245 1957 2277 2133 tlaxtlapaloa: qujtoaia, aco ie itla
86 2086 1164 2190 uan por el camjno, o por la calle: y conce
1245 2113 2283 2291 conmonamjctiz tetolinj: aço ic itla
92 2181 1143 2312 bian en su coraçon mala sospecha de
1241 2191 2291 2386 ipan oncholoz, amo vel iaz in campa
84 2272 1149 2405 q̄les auja devenjr algun mal, o que
1245 2320 2354 2524 iaznequj: aco acame in mac vetzitiuh
68 2351 1145 2480 si alon viaje tomasse, no le auja desu
77 2445 1126 2568 coderbiē: que auja de caer en manos
1238 2451 2300 2626 qujmjctizque: anoço ie tlatolli, itecho
67 2537 1132 2658 deladrones, le aujan dematar, o que
1219 2580 2301 2719 neoaz: aco ie aca, tlatolli coneoaltiz:
58 2608 1141 2732 le aujan deleuantar algu testimonjo.
1231 2671 2281 2861 contlatollaqujliz, contlatolchichiuj
75 2702 1117 2840 Ipor esto ordinariamente los que
58 2791 1123 2902 en contrauan con este anjmalejo, les
1226 2779 2277 3000 liz. Auh in jquac itto, netlacmauh
66 2873 1105 3007 temblauan las carnes demjodo, y se
1210 2884 2279 3075 tilo: necujtiuecho, cecepoça, cuecue
68 2958 1126 3096 estremecian, y seles espeluzauan los
64 3041 1106 3181 cabellos, algunos se ponjan iertos, o
1205 2992 2297 3219 ioca, in tenacaio, ticecepoca, ticuecue
35 3121 1111 3264 pasmados: por tener entendido, que
1198 3177 2287 3310 ioca, tiquacecepoca, titocujtivetzi:
51 3210 1129 3345 algun mal lesauja de acontecer. La
1198 3262 2270 3420 tetequjpachoa, teiollitlacoa. Auh
33 3276 1105 3417 torma deste anjmal aca enesta ti
40 3356 1144 3504 erra, es que son como los de españa:
1202 3381 2280 3557 in juhquj, icmuchichiuh: yxtecuj
2223 3612 2278 3680 ,q
