2724 4316
425 121 1171 291 de los exercicios
94 295 1274 457 dias ayunavan ante desta fiesta:
87 399 1286 528 y el medio dia, desta fiesta, tocauā
89 481 1255 642 los caraçoles, y pitos ytrompetas. Et.
81 575 1236 709 Y passauan mjmbres, por las len
83 656 1280 821 guas, ofreciendole aquella sanbre,
88 771 1256 904 y hasta los njños, que estauan en
78 839 1279 971 las cunas: los sacauan sanore delas
87 922 1244 1086 orejas para ofrecer, y todos chicos,
76 1018 1257 1170 Y grandes, ofrecian sanore de las o
87 1111 1268 1275 rejas, en aquella hora. Esto hazian
93 1214 1268 1371 sin dezir nada: y hazianlo delan
95 1304 1280 1464 te la ymagen del sol, que estaua
94 1408 1297 1557 en vn cu, que se llamaua quauh
81 1510 1286 1662 xicalco, pintada, o esculpida, como
100 1598 1270 1755 agora se pinta el sol, como vna
105 1690 1293 1867 cara humana, y con rayos que sa
91 1784 1300 1924 len della, como vna rueda. Y en
105 1893 1292 2049 la fiesta del sol, siempre cada año,
125 2022 1269 2145 matauan muchos esclauos, y cap
120 2123 1284 2234 Tiuos, a su horra en sus cues: y de
129 2230 1267 2352 san que todos los que morian en
128 2289 1273 2467 guerra, yuan ala casa del sol
132 2436 438 2587 areposar.
1161 3200 1234 3372 laq
1172 3344 1276 3472 Et
1000 3420 1051 3520 u
111 3535 1299 3686 Relacion de los exercici
108 3685 1256 3850 os, o trabajos: que auja
118 3815 686 3966 enel templo.
1448 94 2063 291 del templo.
2436 168 2689 304 fo. 135.
1361 277 2535 449 ipan cemjlhujtonalli naviollin:
1348 418 2543 593 matlacpoalli vmeiica, auh imq̄ē
1357 540 2524 658 ie onaci ilhujuh, necavaloia, na
1372 644 2549 799 vilhujtl tlacatlaqualoia. Auh impā
1372 748 2553 904 cemilhujtonalli in oacic ilhujuh, in
1369 867 2551 1016 nepantla tonatiuh, tlapitzaloia, tla
1366 1001 2527 1162 coquistiloia: auh in pipiltzitzinti co
1364 1118 2509 1307 çolco onoque qujnnacaztequja:
1374 1216 2565 1380 auh muchitlacatl mjcoia auh alle
1371 1366 2526 1516 ic tlapaloloia, ca njxquich inneco
1363 1476 2549 1635 cohoaia, tlacoquistiloia, tlenama
1371 1583 2540 1725 coia muchitlacatl aiac ixcauhti
1368 1706 2550 1885 catca: auh in oncatça ixiptla, ie
1369 1833 2575 1960 noatl, in motenehoaia quauhxica
1369 1937 2550 2106 lli, vncan moquetzaia in jxiptla.
1363 2057 2546 2206 injc meujlovaia in jxiptia iuhq̄n
1376 2176 2583 2330 tlacaxaiaque itonameio itechquiz
1370 2282 2539 2474 toia in jtonatiuh tlatquj iavaltic
1380 2403 2538 2578 vej ihujtica tlatzaqualli, tlauh
1380 2530 2554 2720 quechol injc tlatzaqualli, vncan
1380 2643 2576 2845 ixpan muchioaia neçoliztli, intla
1384 2798 2557 2958 coquistiliztli, in tlamanaliztli, in
1385 2912 2594 3066 tlacotonaliztli. Auh in ilhujuhipa,
1377 3030 2517 3197 nomjiequjntin miquja mamalti,
1383 3161 2539 3311 auh nomjtovaia in iaumiquj tona
1376 3267 2551 3423 tiuh ichan vjia itlannemj intona
1373 3392 1568 3558 tiujli.
1400 3500 2565 3732 Imelaoaca in ne iehecoliztli,
1376 3663 2538 3836 anoço tlatequjpanoliztli in muchi
1378 3781 2527 3948 oaia teupan in tlacateculocal
1390 3936 1537 4058 co.
2497 4042 2588 4152 io
