2598 4102
400 115 926 294 del libro.
24 286 1060 426 enel qual ay muchos regozijos, y
23 393 1088 535 refrigerios, sin pena ninguna:
23 484 1037 614 nunca iamas faltan las ma
42 568 1103 702 corcas, de mahiz verdes, y cala
42 671 1063 796 bacas, y ramjtas de bledos, y
43 756 1079 895 axi verde, y xitomates, y fri
44 852 1066 1001 soles verdes en vayna, y flo
55 945 1106 1091 res. J alli viuen, vnos dioses,
41 1045 1118 1183 que se dizen tlaloque: los qua
37 1108 1090 1274 des parecen, alos mjnistros de
48 1224 1066 1391 los ydolos: que traen cabellos
44 1331 1109 1491 largos. Jlos que van alla, son
61 1425 1109 1609 los quematan, los rayos, ose aho
40 1539 1125 1695 gan enel, agua, y los leprosos,
68 1612 1151 1782 y bubosos, y sarnosos, y gotosos,
79 1707 1119 1881 ohydropicos. Jel dia, que se mo
68 1811 1151 1977 vian, de las enfermedades, conta
85 1907 1147 2076 biosas, e yncurables, no los que
82 1979 1146 2149 Tauan: sino enterrauan, los
102 2093 1189 2295 espos, de los dichos emfermos:
80 2178 1149 2395 yies ponjan semjlla de bledos,
86 2268 1189 2492 en las qujxadas, sobre el rostro.
80 2407 1159 2611 omas ponjanles, color de a
89 2495 1196 2708 sul, en la frente, con papeles
100 2606 1199 2792 cortados: y mas enel colodrilto
99 2726 1212 2915 ponjanles, otros papeles, y lo
95 2855 1181 3049 vestian con papeles: y en la
108 2980 1195 3170 mano vna vara. J ansi dezi
94 3083 1251 3288 an, que enel parayso terrenal
101 3222 1236 3394 que se llamava tlalocan, auja
127 3360 1175 3516 siempre jamas, verdura, y
126 3520 389 3623 verano.
2166 27 2400 178 forō.
1206 112 1308 223 z
1141 149 2306 364 in aiotetl yn aioxochquilitl, in
1149 296 2298 491 oauhtzontli, in chilchotl, ixito
1137 415 2291 604 matl, yn exotl, in cempoalxo
1160 529 2301 708 chitl: auh vmpa nemj intlalo
1149 649 2324 897 que, iuhque in tlamacazque
1164 743 2321 988 papapaoaque, iuhque in tle
1172 894 2365 1103 namacaque catca: auh in vm
1179 1035 2348 1256 pavi iehoantin in viteco, yoā
1171 1164 2335 1385 intlaquilo, yoan inatianmi
1176 1266 2337 1538 qui, yoan iehoantin in tioco
1199 1390 2359 1646 coxque, yoan innanaoati
1209 1541 2366 1781 yoan in xochicivi, yoan in
1212 1673 2383 1870 xixjioti, yoan in hapalani,
1226 1820 2392 2027 yoan in coacivi, yoan in po
1237 1935 2405 2148 pocaoalitztliquinvica, intepo
1245 2077 2416 2275 naoacivi icmiquj, in iehoā
1253 2212 2406 2426 njn, yn iquac iniqui amo
1256 2362 2404 2559 tlatla, canqujntocaia, qui
1265 2499 2435 2682 mixolviaia, yoan michioa
1275 2611 2476 2804 uhtli, in jçamapan conpacho
1259 2752 2470 2953 oa; yoan quimjxquatexovia
1263 2901 2490 3063 ia: yoan quimahamacuexpal
1300 3005 2438 3212 tiaia, tepeiotl, in qujntla
1292 3134 2498 3334 liliaia yn imixquac: auha
1308 3298 2445 3475 mnatl in qujnquequentiaia,
1302 3421 2468 3632 yoan in mac qujntequiliaia
1307 3557 2466 3752 oztopil quavitl: iuhqujtoa
1324 3684 2555 3868 in tlalocan, muchipa tlaçelia,
