2616 4158
377 20 1002 239 dela anrte
50 230 1170 417 lo que exa blando, y cali
53 390 1173 562 ente, y sabroso, y suaue,
54 493 1164 702 y gracioso, y donoso. Pam
47 646 1157 831 bien esta ya dicho: que
48 783 1165 961 ansi como, si fuesse el pan
63 923 1193 1114 duro, y frio, y aspero: o assi
73 1072 1164 1233 como, el pan hecho de ma
48 1188 1184 1327 hiz cozido, no bien mollido,
66 1311 1176 1478 nj bien lauado, que hiede
56 1446 1159 1588 ala cal: ansi es laplatiça,
67 1575 1163 1732 que es molesta a los oyen
67 1688 1192 1867 tes: o ali como, si fuesse ta
68 1821 1199 1986 mal muy caliente: el qual
75 1970 1222 2145 quando se come, quema el
76 2081 1190 2273 paladar, y hecha desi hu
72 2238 1172 2421 mo: porque es demasia
73 2378 1189 2522 do caliente: otro si, esta
86 2508 1177 2688 ya dicho: que asi como
66 2592 1216 2820 si fuesse el tamal frio yj mo
71 2787 1200 2965 hoso, y podrido: assi la platica
93 2910 1206 3056 desabrida, ofende al oydo. Por
73 3044 1222 3198 lo qual vreuemente concluymos
76 3126 1218 3313 con pocas palabras: loque se dixo
77 3267 1235 3418 ya arriba: porque no es razon tor
89 3373 1291 3523 nar a dezir, y replicar, lo que esta
106 3476 1213 3632 ya platicado: es como vna parea
88 3585 1265 3763 que se haze, y edifica con los ma
98 3695 1261 3871 teuales, muuy bastantes pocoa
67 3800 1223 3996 poco: assi la platica se hizo ya
1430 28 2560 215 adiujnatvria. fo74.
1241 206 2423 370 in quappitztic, yn oitztize, yn oce
1282 322 2428 470 cex, yn itztic, in cēcec, ynano
1285 429 2437 575 co, papaian, in nexcococ, in
1291 546 2462 685 cocopatic, yna vmpa ieheoa,
1311 657 2433 781 yn acuechtic, yoan in anoce
1293 742 2423 888 iuhqujtamalli, in totonauj,i
1291 849 2443 995 totontlapetztic, intechichino
1291 967 2452 1108 in tecopac chichino ynoc ipo
1286 1073 2423 1253 toequisztivitz, intotonca tla
1300 1191 2443 1379 qualli, yn anoçe, catamal
1294 1310 2388 1502 colli, tamalcecec, yn opux
1286 1418 2433 1608 cauh yn oalaoac, oalactix,
1303 1555 2429 1729 yn ocacalix, yn otiax, cao
1304 1680 2422 1848 much mjto. Jehica yn ca
1290 1788 2430 1950 njcan ontitiquiltzoni, tocon
1300 1908 2455 2059 titiquiltzopa tlatolli, ynjc on
1287 2044 2451 2205 tlatzonquiça, ynjc aocmo cep
1303 2181 2453 2320 pa, ticceceppavitzque, yn jxq̄,
1295 2254 2454 2401 ch ce cencamatotonti omolna
1294 2365 2449 2530 mjc, in juhqui omocacanilo
1287 2486 2426 2639 in maiuhtepantli o oalmochi
1297 2612 2433 2757 ullitia tlatolli, achchi, ach
1291 2730 2463 2872 chitoton ooalmotlalitia, ocoail
1297 2848 2440 3022 mocalotia cequj vel omoca
1297 2948 2440 3158 caro otzotzop, otrotzoma, y
1288 3073 2428 3255 itlamja vel omotlamama
1290 3204 2467 3371 cac, omotla aqujli, omotlatla
1302 3285 2449 3505 qualti, omoteiolloti, omote
1290 3399 2429 3608 tzicueoalloti, tetzicueoaltica,
1296 3538 2449 3741 teiollotica, ynjc vel ooalcoqui
1305 3652 2444 3845 eoallotia tlatlatottica: auh ce
1294 3792 2425 3978 quj çan omococoton, omococo,
