1950 2716
329 24 565 122 libro. 1.
71 172 928 280 que se llama, etzalqualiztli: que se pone enel
79 232 903 321 segundo libro, ener capitulo septimo: allies
78 275 911 368 ta ala larga, las cerjmonjas, y sacrificios,
81 342 904 423 con que la festejauan: alli se podra ver.
79 395 903 504 los que eran deuotos aesta diosa, y la fes
78 440 914 549 tejauan: eran todos aquellos, que tienē
79 503 906 621 sus granjerias, enel agua: como son los
85 584 917 684 que venden agua, en canoas: y los que
85 623 914 731 venden agua, entinajas, en la plaça. los
83 690 924 794 ataujos, conque pintauan, aesta diosa,
94 740 904 853 son: que la pintauan, la cara, conco
80 800 912 899 lor amarilla, y la ponjan vn collar, de
99 867 906 967 piedras preciosas: de que colgaua, vna
89 927 923 1036 medalla de oro. En la cabeca, tenja v
88 992 908 1094 na corona: hecha de papel pintada, de
102 1046 917 1147 azul claro: con vnos penachos, de plu
103 1105 911 1202 mas verdes: y con vnas borlas, que col
99 1166 932 1291 gauan azia el colodrillo: yotras azia la
92 1219 908 1344 frente, de la mjsma corona: todo de co
104 1280 944 1374 lor açul claro. Tenja sus orejeras, labra
102 1326 918 1436 da, de turquesas: de obra mosayca. Es
90 1387 938 1503 taua vestida, de vn vipil, y vnas naoas
98 1445 930 1576 pintadas: de la mjsma color açul claro:
98 1495 934 1609 con vnas franjas, de que colgauan,
103 1563 931 1678 colitos mariscos. Tenja en la mano, iz
103 1622 941 1764 qujerda, vna rodela, con vna hoja an
118 1688 962 1797 cha, y redonda: que se cria enel agua:
111 1731 940 1863 la llaman atla cueçona. Tenja en lama
114 1798 936 1918 no, derecha, vn vaso, con vna cruz: he
113 1857 942 1969 cho amanera, de la custodia, enque se
112 1919 944 2034 lleua el sacramento, quando vno solo le
117 1972 937 2094 lleua: y era como cetro, desta diosa. Te
120 2026 950 2174 nja sus cutaras blancas. Los señores, y
121 2088 939 2228 reyes, venerauan mucho, aesta diosa:
122 2159 929 2273 con otras dos, que era la diosa, de los
125 2209 954 2333 mantenjmjentos: que llamauan chicu
123 2271 968 2404 mecoatl: y la diosa de la sal, que llama
126 2324 963 2455 uan vixtocioatl: porque dezian, que
131 2398 952 2529 estas tres diosas: mantenjan, ala gen
136 2458 960 2590 te popular: paraque pudiessen, viujr,
123 2548 450 2657 y multiplicar.
1002 -4 1432 113 de los dioses
974 143 1784 270 tepolactiaia, tepan poçonja, mote
962 248 1781 345 ponaçoa, maxiciotia, tepan mo
959 310 1815 429 teujlacachoa, ynjc tecentlanjujca:
963 403 1822 529 yn acalli qujcuepa, qujxtlapach
961 485 1814 623 cuepa, queoatiquetza, ca acoma
965 586 1828 691 iauj, ca tema. Auh inquenma
960 671 1806 797 teapachoa, teapotzauja, mocue
970 784 1816 905 iotia, titicujca, xaxamacatimanj,
976 852 1814 973 cocomocatimanj, hatlacamanj: y
977 965 1829 1086 n jquac oceuh, yn ie ceuj, aujca
980 1041 1832 1171 iaiuh: qujtoa, maujltia, xixiquj,
984 1140 1813 1266 cocomotzauj, atentli itech
979 1210 1842 1343 onmotlatlatzoa, onmochachaqua
977 1303 1814 1436 nja, mapopoçoquillotia. Auh y
977 1418 1781 1565 njquac atle ehecatl, tlamattima
977 1515 1797 1632 nj, atezcattitimanj, petlantima
983 1587 1798 1726 nj, cuecueiocatimanj. Auh ynj
999 1699 1822 1823 quac ilhuiqujxtiloia, çan no iquac
999 1764 1821 1899 yn etzalqualiztli: yn vncan ilhuj
987 1869 1788 2013 qujxtililoia tlaloque, colotli in
986 1960 1806 2094 qujchichioaia yxiptla: qujcue
998 2052 1818 2157 tiaia, qujujpiltiaia, qujcozcati
999 2138 1827 2260 aia, cozcapetlatl, itech pilcatiuh
999 2218 1813 2357 cuztic teucujtlacomalli: yoan
1001 2307 1848 2460 qujtlamanjliaia, qujnanamiquj
1002 2412 1804 2560 yn jtlenamacacauh, yiauhtli,
1004 2509 1842 2621 ixpan qujtepevilia,caiochicaoaz
