<?xml version="1.0" encoding="UTF-8" standalone="yes"?>
<PcGts xmlns="http://schema.primaresearch.org/PAGE/gts/pagecontent/2013-07-15" xmlns:xsi="http://www.w3.org/2001/XMLSchema-instance" xsi:schemaLocation="http://schema.primaresearch.org/PAGE/gts/pagecontent/2013-07-15 http://schema.primaresearch.org/PAGE/gts/pagecontent/2013-07-15/pagecontent.xsd">
    <Metadata>
        <Creator>prov=University of Rostock/Institute of Mathematics/CITlab|PLANET AI GmbH/Gundram Leifert/gundram.leifert@planet-ai.de:name=Florentine Codex(htr_id=24784)::::v=2.6.6
prov=University of Rostock/Institute of Mathematics/CITlab|PLANET AI GmbH/Tobias Gruening/tobias.gruening@planet-ai.de:name=de.uros.citlab.module.baseline2polygon.B2PSeamMultiOriented:v=2.6.6
prov=University of Rostock/Institute of Mathematics/CITlab|PLANET AI GmbH/Tobias Gruening/tobias.gruening@planet-ai.de:name=/net_tf/LA73_249_0mod360.pb:de.uros.citlab.segmentation.CITlab_LA_ML:v=2.6.6
Transkribus</Creator>
        <Created>2020-06-23T15:23:49.745-07:00</Created>
        <LastChange>2020-06-24T07:51:44.517+02:00</LastChange>
    </Metadata>
    <Page imageFilename="FC_Vol_1_432.png" imageWidth="2696" imageHeight="4352">
        <ReadingOrder>
            <OrderedGroup id="ro_1596736958944" caption="Regions reading order">
                <RegionRefIndexed index="0" regionRef="r1"/>
                <RegionRefIndexed index="1" regionRef="r2"/>
            </OrderedGroup>
        </ReadingOrder>
        <TextRegion orientation="0.0" id="r1" custom="readingOrder {index:0;}">
            <Coords points="77,171 77,4199 1356,4199 1356,171"/>
            <TextLine id="r1l1" custom="readingOrder {index:0;}">
                <Coords points="574,239 755,243 785,258 820,240 850,259 981,253 1024,273 1024,108 901,73 776,88 693,59 575,49"/>
                <Baseline points="582,218 607,220 633,222 658,224 684,224 709,224 735,224 760,223 786,222 811,222 837,221 862,221 888,221 913,221 939,221 964,224 990,224 1016,228"/>
                <TextEquiv>
                    <Unicode>Lio</Unicode>
                </TextEquiv>
            </TextLine>
            <TextLine id="r1l2" custom="readingOrder {index:1;}">
                <Coords points="82,398 541,412 593,380 715,432 1044,404 1291,455 1356,440 1359,356 947,297 333,325 85,280"/>
                <Baseline points="90,374 153,374 216,374 279,375 342,375 405,377 468,378 531,380 594,381 657,383 720,384 783,386 846,389 909,391 972,393 1035,395 1098,398 1161,401 1224,403 1287,406 1350,408"/>
                <TextEquiv>
                    <Unicode>bra: endonde pregonaua, vn prego</Unicode>
                </TextEquiv>
            </TextLine>
            <TextLine id="r1l3" custom="readingOrder {index:2;}">
                <Coords points="69,463 272,511 780,470 969,513 1348,503 1349,453 1225,412 664,431 600,386 70,437"/>
                <Baseline points="77,465 140,467 203,467 266,467 329,467 392,467 455,468 519,469 582,470 645,471 708,472 771,473 834,475 897,477 961,479 1024,482 1087,483 1150,486 1213,489 1276,492 1340,495"/>
                <TextEquiv>
                    <Unicode>nero, para llamar alos pueblos a</Unicode>
                </TextEquiv>
            </TextLine>
            <TextLine id="r1l4" custom="readingOrder {index:3;}">
                <Coords points="93,588 197,558 386,594 476,556 592,605 845,565 1327,601 1329,500 790,485 617,526 534,474 308,512 95,481"/>
                <Baseline points="101,558 161,558 222,558 283,558 344,558 405,558 466,559 527,560 588,560 649,561 710,563 770,563 831,564 892,566 953,567 1014,569 1075,570 1136,572 1197,573 1258,576 1319,578"/>
                <TextEquiv>
                    <Unicode>partados: los quales distan, mas</Unicode>
                </TextEquiv>
            </TextLine>
            <TextLine id="r1l5" custom="readingOrder {index:4;}">
                <Coords points="84,660 491,710 1060,664 1345,692 1346,603 1273,596 85,601"/>
                <Baseline points="93,653 155,651 217,651 279,651 341,651 404,651 466,651 528,653 590,653 652,654 715,656 777,657 839,657 901,659 963,660 1026,662 1088,662 1150,663 1212,665 1274,665 1337,666"/>
                <TextEquiv>
                    <Unicode>de cient leguas, que fe nombra</Unicode>
                </TextEquiv>
            </TextLine>
            <TextLine id="r1l6" custom="readingOrder {index:5;}">
                <Coords points="85,775 357,760 490,807 618,763 938,761 997,806 1114,776 1226,815 1309,782 1289,717 977,714 931,680 467,721 215,673 85,715"/>
                <Baseline points="92,759 152,759 212,758 273,758 333,756 394,756 454,756 515,756 575,756 636,756 696,756 756,756 817,758 877,758 938,759 998,761 1059,761 1119,763 1180,765 1240,767 1301,770"/>
                <TextEquiv>
                    <Unicode>naoac, y desde alla oyan, y</Unicode>
                </TextEquiv>
            </TextLine>
            <TextLine id="r1l7" custom="readingOrder {index:6;}">
                <Coords points="75,850 498,840 730,900 894,849 957,900 1030,854 1169,917 1246,863 1342,876 1326,768 1196,815 1114,776 953,813 734,775 76,791"/>
                <Baseline points="84,848 146,848 209,848 271,846 334,846 396,846 459,846 521,846 584,848 646,848 709,848 771,849 834,850 896,851 959,853 1021,854 1084,857 1146,858 1209,861 1271,864 1334,867"/>
                <TextEquiv>
                    <Unicode>entendian el pregon: y luego cō</Unicode>
                </TextEquiv>
            </TextLine>
            <TextLine id="r1l8" custom="readingOrder {index:7;}">
                <Coords points="75,948 568,939 637,978 811,939 1237,1006 1353,965 1354,905 1142,922 1049,867 594,898 411,857 336,903 76,887"/>
                <Baseline points="84,942 147,941 210,939 273,939 336,939 399,939 462,939 525,939 588,939 651,940 715,941 778,942 841,944 904,945 967,947 1030,949 1093,951 1156,953 1219,956 1282,958 1346,960"/>
                <TextEquiv>
                    <Unicode>breuedad, venjan asaber, y oyr</Unicode>
                </TextEquiv>
            </TextLine>
            <TextLine id="r1l9" custom="readingOrder {index:8;}">
                <Coords points="87,1071 873,1040 1113,1094 1362,1069 1364,994 1140,1011 959,958 782,994 601,954 461,988 160,963 88,1011"/>
                <Baseline points="96,1037 162,1035 228,1035 294,1034 361,1034 427,1034 493,1034 559,1034 626,1035 692,1035 758,1037 824,1038 891,1040 957,1041 1023,1044 1089,1047 1156,1051 1222,1054 1288,1059 1355,1062"/>
                <TextEquiv>
                    <Unicode>lo que mandaua, el dicho quetzal</Unicode>
                </TextEquiv>
            </TextLine>
            <TextLine id="r1l10" custom="readingOrder {index:9;}">
                <Coords points="88,1160 1304,1187 1305,1106 1027,1070 795,1104 373,1045 322,1092 89,1086"/>
                <Baseline points="96,1139 156,1137 216,1136 276,1136 336,1136 396,1136 456,1136 516,1136 576,1136 636,1137 696,1137 756,1139 816,1139 876,1140 936,1142 996,1143 1056,1145 1116,1146 1176,1147 1236,1149 1296,1151"/>
                <TextEquiv>
                    <Unicode>coatl. Jmas dizen, que era muy</Unicode>
                </TextEquiv>
            </TextLine>
            <TextLine id="r1l11" custom="readingOrder {index:10;}">
                <Coords points="78,1266 271,1290 691,1232 904,1285 1055,1244 1316,1258 1316,1201 1139,1181 78,1196"/>
                <Baseline points="86,1241 147,1240 208,1239 269,1239 330,1239 391,1238 452,1238 513,1238 574,1236 635,1236 697,1236 758,1236 819,1237 880,1238 941,1238 1002,1239 1063,1241 1124,1241 1185,1244 1246,1245 1308,1248"/>
                <TextEquiv>
                    <Unicode>rico, y que tenja todo, quanto exa</Unicode>
                </TextEquiv>
            </TextLine>
            <TextLine id="r1l12" custom="readingOrder {index:11;}">
                <Coords points="76,1347 270,1381 578,1334 673,1370 755,1331 1261,1366 1310,1297 739,1254 659,1292 359,1273 76,1316"/>
                <Baseline points="84,1347 144,1344 205,1340 266,1337 327,1335 388,1334 449,1332 510,1331 571,1331 632,1331 693,1329 753,1329 814,1331 875,1331 936,1331 997,1332 1058,1333 1119,1334 1180,1335 1241,1337 1302,1338"/>
                <TextEquiv>
                    <Unicode>menester, y necessario, de comer, y</Unicode>
                </TextEquiv>
            </TextLine>
            <TextLine id="r1l13" custom="readingOrder {index:12;}">
                <Coords points="83,1468 421,1480 662,1420 1342,1444 1363,1378 828,1332 603,1396 340,1355 81,1378"/>
                <Baseline points="90,1463 153,1455 216,1449 279,1444 343,1440 406,1436 469,1433 533,1430 596,1429 659,1428 723,1427 786,1427 849,1427 912,1427 976,1427 1039,1427 1102,1427 1166,1427 1229,1427 1292,1427 1356,1427"/>
                <TextEquiv>
                    <Unicode>beuer: y que el mahiz era abundan</Unicode>
                </TextEquiv>
            </TextLine>
            <TextLine id="r1l14" custom="readingOrder {index:13;}">
                <Coords points="100,1597 277,1535 404,1573 836,1524 1347,1572 1345,1451 1060,1483 538,1450 403,1519 284,1472 98,1478"/>
                <Baseline points="108,1554 169,1549 231,1542 292,1539 354,1535 415,1531 477,1529 538,1526 600,1523 661,1523 723,1521 784,1521 846,1521 907,1521 969,1521 1030,1523 1092,1524 1153,1526 1215,1527 1276,1529 1338,1530"/>
                <TextEquiv>
                    <Unicode>tissimo, y las calabacas muy gordas,</Unicode>
                </TextEquiv>
            </TextLine>
            <TextLine id="r1l15" custom="readingOrder {index:14;}">
                <Coords points="104,1668 703,1611 965,1619 1061,1673 1125,1621 1364,1629 1363,1575 1197,1544 1069,1598 823,1542 103,1595"/>
                <Baseline points="111,1649 173,1642 235,1635 297,1631 360,1626 422,1623 484,1620 546,1619 609,1617 671,1617 733,1616 795,1616 858,1617 920,1617 982,1617 1044,1619 1107,1619 1169,1620 1231,1620 1293,1620 1356,1620"/>
                <TextEquiv>
                    <Unicode>de vna braça en redondo: y las ma</Unicode>
                </TextEquiv>
            </TextLine>
            <TextLine id="r1l16" custom="readingOrder {index:15;}">
                <Coords points="108,1747 922,1729 1122,1738 1198,1792 1344,1772 1328,1629 1184,1632 1109,1698 723,1699 631,1644 546,1688 406,1658 109,1689"/>
                <Baseline points="117,1740 177,1737 238,1734 299,1731 360,1730 421,1728 482,1728 543,1727 604,1728 665,1728 726,1729 786,1730 847,1731 908,1732 969,1733 1030,1734 1091,1736 1152,1736 1213,1736 1274,1736 1335,1736"/>
                <TextEquiv>
                    <Unicode>corcas de mahiz, eran tan largas,</Unicode>
                </TextEquiv>
            </TextLine>
            <TextLine id="r1l17" custom="readingOrder {index:16;}">
                <Coords points="102,1882 256,1830 952,1840 1042,1876 1126,1843 1174,1881 1328,1862 1329,1770 1199,1793 1138,1751 854,1741 735,1800 422,1746 280,1806 103,1787"/>
                <Baseline points="111,1838 171,1834 231,1832 292,1830 352,1829 413,1827 473,1827 534,1827 594,1829 655,1829 715,1830 775,1832 836,1832 896,1833 957,1835 1017,1836 1078,1838 1138,1838 1199,1839 1259,1839 1320,1839"/>
                <TextEquiv>
                    <Unicode>que se lleuauan abracadas: y las</Unicode>
                </TextEquiv>
            </TextLine>
            <TextLine id="r1l18" custom="readingOrder {index:17;}">
                <Coords points="88,1949 918,1937 994,1978 1072,1943 1325,1984 1326,1877 1147,1859 1095,1894 688,1897 621,1847 452,1877 395,1844 89,1912"/>
                <Baseline points="96,1934 157,1932 218,1931 279,1929 340,1929 401,1928 462,1928 523,1928 584,1928 645,1928 706,1929 767,1929 828,1931 889,1931 950,1932 1011,1934 1072,1935 1133,1937 1194,1938 1255,1941 1317,1943"/>
                <TextEquiv>
                    <Unicode>cañas de bledos, eran muy largos,</Unicode>
                </TextEquiv>
            </TextLine>
            <TextLine id="r1l19" custom="readingOrder {index:18;}">
                <Coords points="96,2086 437,2089 617,2040 871,2040 928,2081 1005,2032 1308,2077 1321,1984 931,2005 817,1954 686,2003 597,1971 416,2000 358,1956 177,1991 97,1959"/>
                <Baseline points="105,2033 165,2034 225,2035 286,2036 346,2036 407,2036 467,2036 527,2036 588,2034 648,2034 709,2034 769,2033 829,2033 890,2033 950,2034 1011,2034 1071,2036 1131,2037 1192,2039 1252,2041 1313,2045"/>
                <TextEquiv>
                    <Unicode>y gordos, y que subian por ellas, co</Unicode>
                </TextEquiv>
            </TextLine>
            <TextLine id="r1l20" custom="readingOrder {index:19;}">
                <Coords points="91,2152 221,2184 500,2134 723,2186 911,2123 1232,2161 1338,2132 1298,2071 922,2090 745,2042 660,2100 596,2049 416,2098 91,2098"/>
                <Baseline points="99,2138 160,2138 222,2138 283,2137 345,2136 406,2135 468,2135 529,2133 591,2133 652,2132 714,2131 775,2130 837,2130 898,2129 960,2129 1021,2129 1083,2130 1144,2132 1206,2133 1267,2134 1329,2136"/>
                <TextEquiv>
                    <Unicode>mo por arboles. J que sembrauan</Unicode>
                </TextEquiv>
            </TextLine>
            <TextLine id="r1l21" custom="readingOrder {index:20;}">
                <Coords points="74,2297 171,2267 231,2297 354,2239 443,2290 602,2226 1062,2226 1137,2271 1325,2240 1326,2182 828,2147 722,2186 551,2146 228,2206 73,2190"/>
                <Baseline points="81,2253 142,2247 204,2245 266,2241 328,2238 390,2235 452,2234 514,2231 576,2231 638,2229 700,2228 761,2228 823,2228 885,2228 947,2228 1009,2228 1071,2228 1133,2229 1195,2229 1257,2231 1319,2231"/>
                <TextEquiv>
                    <Unicode>y cogian algodon, de todas colores:</Unicode>
                </TextEquiv>
            </TextLine>
            <TextLine id="r1l22" custom="readingOrder {index:21;}">
                <Coords points="80,2397 343,2339 586,2382 1073,2322 1295,2367 1293,2287 1175,2246 812,2290 648,2253 77,2316"/>
                <Baseline points="86,2354 146,2351 206,2349 266,2346 326,2344 386,2340 446,2339 506,2335 566,2333 626,2330 686,2327 746,2325 806,2324 866,2322 926,2322 986,2322 1046,2322 1106,2323 1166,2325 1226,2327 1286,2330"/>
                <TextEquiv>
                    <Unicode>que son colorado, y encarnado, y</Unicode>
                </TextEquiv>
            </TextLine>
            <TextLine id="r1l23" custom="readingOrder {index:22;}">
                <Coords points="84,2465 333,2441 412,2503 537,2433 994,2459 1073,2416 1310,2457 1308,2363 838,2379 763,2347 422,2395 375,2356 83,2395"/>
                <Baseline points="92,2450 152,2445 212,2443 273,2439 333,2437 394,2433 454,2432 515,2429 575,2427 636,2426 696,2424 756,2423 817,2421 877,2420 938,2420 998,2420 1059,2420 1119,2420 1180,2420 1240,2420 1301,2421"/>
                <TextEquiv>
                    <Unicode>amarillo, y morado, blanquecino,</Unicode>
                </TextEquiv>
            </TextLine>
            <TextLine id="r1l24" custom="readingOrder {index:23;}">
                <Coords points="83,2585 152,2541 412,2575 713,2519 800,2577 942,2530 1297,2556 1311,2456 1096,2488 950,2449 734,2497 657,2441 526,2491 396,2495 340,2451 81,2501"/>
                <Baseline points="90,2544 150,2540 211,2537 272,2534 332,2532 393,2531 454,2529 514,2528 575,2526 636,2526 697,2525 757,2525 818,2523 879,2523 939,2523 1000,2522 1061,2522 1121,2522 1182,2520 1243,2520 1304,2519"/>
                <TextEquiv>
                    <Unicode>y verde, y açul, y prieto, y par</Unicode>
                </TextEquiv>
            </TextLine>
            <TextLine id="r1l25" custom="readingOrder {index:24;}">
                <Coords points="77,2647 291,2692 436,2638 565,2675 699,2633 809,2680 1103,2629 1227,2673 1306,2652 1305,2573 973,2550 806,2584 697,2536 291,2601 147,2568 76,2609"/>
                <Baseline points="84,2643 144,2640 205,2638 266,2636 326,2634 387,2633 448,2631 508,2631 569,2630 630,2630 691,2628 751,2628 812,2628 873,2627 933,2626 994,2625 1055,2624 1115,2622 1176,2620 1237,2618 1298,2615"/>
                <TextEquiv>
                    <Unicode>doy naranjado, y legnado: y</Unicode>
                </TextEquiv>
            </TextLine>
            <TextLine id="r1l26" custom="readingOrder {index:25;}">
                <Coords points="77,2799 266,2738 529,2728 642,2787 798,2727 1355,2760 1353,2657 696,2682 617,2642 542,2685 75,2699"/>
                <Baseline points="84,2753 147,2748 210,2744 273,2741 336,2738 399,2735 462,2733 525,2732 588,2730 651,2729 715,2729 778,2727 841,2727 904,2726 967,2726 1030,2726 1093,2724 1156,2724 1219,2723 1282,2721 1346,2720"/>
                <TextEquiv>
                    <Unicode>estas colores de algodon, eran natu</Unicode>
                </TextEquiv>
            </TextLine>
            <TextLine id="r1l27" custom="readingOrder {index:26;}">
                <Coords points="88,2864 333,2892 433,2836 1322,2840 1320,2767 1115,2750 1031,2809 820,2769 725,2805 389,2779 314,2815 223,2774 87,2812"/>
                <Baseline points="95,2850 155,2847 216,2844 277,2841 338,2840 399,2838 460,2835 521,2835 582,2834 643,2832 704,2831 764,2831 825,2829 886,2829 947,2828 1008,2828 1069,2826 1130,2826 1191,2825 1252,2823 1313,2822"/>
                <TextEquiv>
                    <Unicode>rales, que asi se nacian. Jmas di</Unicode>
                </TextEquiv>
            </TextLine>
            <TextLine id="r1l28" custom="readingOrder {index:27;}">
                <Coords points="80,2989 177,2957 254,2988 415,2929 816,2969 905,2923 1233,2932 1294,2912 1292,2844 709,2837 310,2895 76,2859"/>
                <Baseline points="86,2955 146,2949 206,2943 266,2939 326,2935 386,2932 446,2930 506,2927 566,2925 626,2924 686,2922 746,2921 806,2919 866,2919 926,2918 986,2916 1046,2915 1106,2915 1166,2912 1226,2910 1286,2909"/>
                <TextEquiv>
                    <Unicode>zen, que enel dicho pueblo de tu</Unicode>
                </TextEquiv>
            </TextLine>
            <TextLine id="r1l29" custom="readingOrder {index:28;}">
                <Coords points="88,3073 359,3076 440,3025 1225,3056 1303,3018 1302,2963 1158,2940 1098,2984 930,2938 846,2978 417,2980 348,2946 86,2991"/>
                <Baseline points="96,3042 156,3038 216,3035 276,3032 336,3030 396,3027 456,3026 516,3024 576,3023 636,3021 696,3021 756,3020 816,3020 876,3018 936,3018 996,3018 1056,3018 1116,3017 1176,3017 1236,3016 1296,3015"/>
                <TextEquiv>
                    <Unicode>lla, se criauan muchos, y diuer</Unicode>
                </TextEquiv>
            </TextLine>
            <TextLine id="r1l30" custom="readingOrder {index:29;}">
                <Coords points="76,3175 155,3147 216,3191 275,3142 602,3117 662,3157 824,3122 919,3174 1018,3121 1285,3109 1255,3059 1052,3043 74,3091"/>
                <Baseline points="83,3143 142,3140 202,3137 262,3134 322,3131 381,3129 441,3128 501,3125 561,3123 620,3122 680,3121 740,3120 800,3119 859,3119 919,3117 979,3117 1039,3117 1098,3116 1158,3116 1218,3116 1278,3116"/>
                <TextEquiv>
                    <Unicode>sos generos de aues, de plumari</Unicode>
                </TextEquiv>
            </TextLine>
            <TextLine id="r1l31" custom="readingOrder {index:30;}">
                <Coords points="83,3269 234,3298 305,3239 695,3228 902,3266 1286,3231 1284,3169 1221,3145 1168,3194 1096,3156 906,3192 627,3148 569,3199 430,3161 82,3227"/>
                <Baseline points="90,3252 149,3248 208,3245 268,3242 327,3238 387,3235 446,3233 505,3231 565,3230 624,3227 684,3227 743,3225 802,3225 862,3224 921,3224 981,3224 1040,3224 1099,3224 1159,3224 1218,3224 1278,3225"/>
                <TextEquiv>
                    <Unicode>ca, y colores diuersas, que se lla</Unicode>
                </TextEquiv>
            </TextLine>
            <TextLine id="r1l32" custom="readingOrder {index:31;}">
                <Coords points="95,3374 1295,3352 1282,3251 828,3292 678,3228 591,3274 354,3252 225,3302 93,3268"/>
                <Baseline points="102,3353 161,3348 220,3345 279,3342 338,3339 398,3338 457,3336 516,3335 575,3335 634,3333 694,3333 753,3332 812,3332 871,3332 930,3332 990,3330 1049,3330 1108,3329 1167,3329 1226,3327 1286,3326"/>
                <TextEquiv>
                    <Unicode>man xiuhtototl, y quetzaltototl,</Unicode>
                </TextEquiv>
            </TextLine>
            <TextLine id="r1l33" custom="readingOrder {index:32;}">
                <Coords points="83,3501 605,3470 753,3503 822,3460 1212,3483 1322,3444 1321,3389 81,3399"/>
                <Baseline points="90,3462 151,3459 212,3456 273,3453 334,3451 396,3449 457,3447 518,3446 579,3444 640,3444 702,3443 763,3442 824,3441 885,3441 946,3440 1008,3440 1069,3438 1130,3438 1191,3437 1252,3437 1314,3435"/>
                <TextEquiv>
                    <Unicode>y çaquan, ytlauhquechol: y otras</Unicode>
                </TextEquiv>
            </TextLine>
            <TextLine id="r1l34" custom="readingOrder {index:33;}">
                <Coords points="78,3590 280,3617 435,3554 996,3543 1176,3586 1322,3549 1321,3486 1122,3501 1022,3461 876,3519 377,3488 76,3521"/>
                <Baseline points="86,3569 147,3566 208,3564 270,3561 331,3560 393,3557 454,3555 515,3554 577,3552 638,3551 700,3549 761,3549 822,3548 884,3546 945,3546 1007,3545 1068,3545 1129,3543 1191,3543 1252,3543 1314,3542"/>
                <TextEquiv>
                    <Unicode>aues que cantauan dulce, y sua</Unicode>
                </TextEquiv>
            </TextLine>
            <TextLine id="r1l35" custom="readingOrder {index:34;}">
                <Coords points="83,3696 366,3669 461,3709 663,3646 783,3691 906,3649 1223,3682 1329,3644 1327,3592 1068,3564 916,3619 572,3623 516,3585 440,3649 345,3606 81,3632"/>
                <Baseline points="90,3681 151,3676 213,3672 274,3669 336,3666 397,3663 459,3662 520,3659 582,3657 643,3656 705,3654 766,3654 828,3653 889,3651 951,3650 1012,3650 1074,3648 1135,3647 1197,3644 1258,3642 1320,3641"/>
                <TextEquiv>
                    <Unicode>uemente. Jmas tenja el dicho que</Unicode>
                </TextEquiv>
            </TextLine>
            <TextLine id="r1l36" custom="readingOrder {index:35;}">
                <Coords points="73,3825 1261,3772 1277,3681 1221,3713 1089,3668 899,3721 722,3673 529,3737 380,3696 345,3731 214,3704 156,3755 70,3747"/>
                <Baseline points="80,3797 139,3793 199,3789 258,3787 318,3784 378,3780 437,3778 497,3776 556,3773 616,3771 676,3768 735,3767 795,3765 854,3764 914,3761 974,3761 1033,3758 1093,3758 1152,3756 1212,3755 1272,3753"/>
                <TextEquiv>
                    <Unicode>tzalcoatl, todas las riquezas del</Unicode>
                </TextEquiv>
            </TextLine>
            <TextLine id="r1l37" custom="readingOrder {index:36;}">
                <Coords points="69,3937 266,3887 750,3926 847,3883 1049,3921 1258,3894 1237,3802 67,3826"/>
                <Baseline points="77,3896 135,3891 194,3888 252,3885 311,3882 370,3881 428,3879 487,3879 546,3878 604,3878 663,3878 722,3878 780,3878 839,3878 898,3876 956,3876 1015,3875 1074,3873 1132,3870 1191,3867 1250,3863"/>
                <TextEquiv>
                    <Unicode>mundo: de oro, y plata, y pie</Unicode>
                </TextEquiv>
            </TextLine>
            <TextLine id="r1l38" custom="readingOrder {index:37;}">
                <Coords points="82,4009 289,3985 353,4027 434,3991 547,4032 836,3974 1310,4007 1314,3877 1141,3934 984,3938 919,3894 596,3944 480,3897 420,3935 285,3905 81,3941"/>
                <Baseline points="90,3996 150,3991 211,3987 272,3983 333,3980 394,3978 455,3977 515,3975 576,3975 637,3974 698,3974 759,3974 820,3975 881,3975 941,3975 1002,3975 1063,3975 1124,3974 1185,3974 1246,3972 1307,3971"/>
                <TextEquiv>
                    <Unicode>dras verdes, que se llamanchal</Unicode>
                </TextEquiv>
            </TextLine>
            <TextLine id="r1l39" custom="readingOrder {index:38;}">
                <Coords points="82,4117 1084,4083 1271,4121 1297,4022 809,4012 718,4048 182,4013 81,4052"/>
                <Baseline points="89,4092 149,4091 209,4088 269,4085 329,4083 389,4082 449,4080 509,4079 569,4079 629,4077 689,4077 749,4077 809,4077 869,4077 929,4076 989,4076 1049,4076 1109,4076 1169,4076 1229,4076 1289,4076"/>
                <TextEquiv>
                    <Unicode>chiujtes; y otras cosas preciosas, y</Unicode>
                </TextEquiv>
            </TextLine>
            <TextLine id="r1l40" custom="readingOrder {index:39;}">
                <Coords points="82,4189 979,4169 1232,4204 1265,4188 1265,4065 1021,4118 966,4086 869,4120 519,4086 404,4140 288,4096 221,4136 82,4118"/>
                <Baseline points="90,4179 148,4176 206,4172 265,4170 323,4169 381,4167 440,4166 498,4166 556,4166 615,4166 673,4166 731,4166 790,4166 848,4167 906,4167 965,4169 1023,4169 1081,4169 1140,4169 1198,4170 1257,4169"/>
                <TextEquiv>
                    <Unicode>mucha abundancia, de arboles,</Unicode>
                </TextEquiv>
            </TextLine>
            <TextEquiv>
                <Unicode>Lio
bra: endonde pregonaua, vn prego
nero, para llamar alos pueblos a
partados: los quales distan, mas
de cient leguas, que fe nombra
naoac, y desde alla oyan, y
entendian el pregon: y luego cō
breuedad, venjan asaber, y oyr
lo que mandaua, el dicho quetzal
coatl. Jmas dizen, que era muy
rico, y que tenja todo, quanto exa
menester, y necessario, de comer, y
beuer: y que el mahiz era abundan
tissimo, y las calabacas muy gordas,
de vna braça en redondo: y las ma
corcas de mahiz, eran tan largas,
que se lleuauan abracadas: y las
cañas de bledos, eran muy largos,
y gordos, y que subian por ellas, co
mo por arboles. J que sembrauan
y cogian algodon, de todas colores:
que son colorado, y encarnado, y
amarillo, y morado, blanquecino,
y verde, y açul, y prieto, y par
doy naranjado, y legnado: y
estas colores de algodon, eran natu
rales, que asi se nacian. Jmas di
zen, que enel dicho pueblo de tu
lla, se criauan muchos, y diuer
sos generos de aues, de plumari
ca, y colores diuersas, que se lla
man xiuhtototl, y quetzaltototl,
y çaquan, ytlauhquechol: y otras
aues que cantauan dulce, y sua
uemente. Jmas tenja el dicho que
tzalcoatl, todas las riquezas del
mundo: de oro, y plata, y pie
dras verdes, que se llamanchal
chiujtes; y otras cosas preciosas, y
mucha abundancia, de arboles,</Unicode>
            </TextEquiv>
        </TextRegion>
        <TextRegion orientation="0.0" id="r2" custom="readingOrder {index:1;}">
            <Coords points="1410,174 1410,4162 2640,4162 2640,174"/>
            <TextLine id="r2l1" custom="readingOrder {index:0;}">
                <Coords points="1690,251 1758,262 1784,253 1845,256 1851,262 1869,255 1872,179 1828,174 1772,119 1753,119 1695,148"/>
                <Baseline points="1698,243 1725,240 1752,239 1780,240 1807,243 1834,245 1862,248"/>
                <TextEquiv>
                    <Unicode>3.</Unicode>
                </TextEquiv>
            </TextLine>
            <TextLine id="r2l2" custom="readingOrder {index:1;}">
                <Coords points="1434,439 1735,431 1798,479 2087,432 2351,492 2645,429 2646,279 2392,372 2212,307 1893,354 1708,307 1436,317"/>
                <Baseline points="1443,419 1502,420 1562,422 1622,423 1681,426 1741,428 1801,431 1860,432 1920,434 1980,435 2040,438 2099,439 2159,440 2219,440 2278,440 2338,440 2398,438 2457,435 2517,433 2577,429 2637,423"/>
                <TextEquiv>
                    <Unicode>fica, in quetzatcoatl in ixquich ila</Unicode>
                </TextEquiv>
            </TextLine>
            <TextLine id="r2l3" custom="readingOrder {index:2;}">
                <Coords points="1451,558 1645,553 1732,593 2124,560 2270,631 2334,581 2610,555 2643,478 2368,520 2241,459 2045,496 1916,457 1797,479 1741,437 1452,468"/>
                <Baseline points="1458,545 1516,545 1575,545 1634,546 1693,548 1752,549 1810,552 1869,554 1928,557 1987,559 2046,562 2104,563 2163,566 2222,566 2281,566 2340,566 2398,564 2457,562 2516,558 2575,552 2634,546"/>
                <TextEquiv>
                    <Unicode>tecaiotl, in nemachtli, yoan ona</Unicode>
                </TextEquiv>
            </TextLine>
            <TextLine id="r2l4" custom="readingOrder {index:3;}">
                <Coords points="1431,666 1670,703 2033,683 2095,739 2172,695 2553,713 2627,676 2606,579 2441,635 2176,632 2073,558 1822,603 1784,569 1433,572"/>
                <Baseline points="1439,666 1498,666 1557,666 1616,667 1675,668 1734,669 1793,672 1852,674 1911,677 1970,680 2029,682 2088,684 2147,686 2206,687 2265,687 2324,687 2383,687 2442,684 2501,682 2560,678 2619,672"/>
                <TextEquiv>
                    <Unicode>ca ichalchiuhcal, yoan iteucujla</Unicode>
                </TextEquiv>
            </TextLine>
            <TextLine id="r2l5" custom="readingOrder {index:4;}">
                <Coords points="1437,820 1551,797 1627,842 1790,793 1924,852 2105,811 2456,836 2647,787 2648,693 2433,744 2253,695 2098,740 1878,698 1707,735 1588,685 1438,701"/>
                <Baseline points="1445,794 1504,792 1564,791 1624,791 1683,792 1743,794 1803,797 1862,799 1922,801 1982,805 2042,807 2101,809 2161,810 2221,812 2280,812 2340,810 2400,807 2459,803 2519,796 2579,789 2639,777"/>
                <TextEquiv>
                    <Unicode>cal, yoan itapachcal, yoan itoe</Unicode>
                </TextEquiv>
            </TextLine>
            <TextLine id="r2l6" custom="readingOrder {index:5;}">
                <Coords points="1438,939 1558,928 1699,982 1905,932 2060,980 2116,941 2317,966 2642,918 2642,792 2582,842 2385,827 2293,869 2207,832 2129,876 1820,870 1682,806 1438,857"/>
                <Baseline points="1446,920 1505,918 1564,918 1624,918 1683,920 1743,921 1802,923 1861,926 1921,928 1980,930 2040,933 2099,935 2158,935 2218,936 2277,935 2337,934 2396,931 2455,927 2515,922 2574,914 2634,905"/>
                <TextEquiv>
                    <Unicode>citzcal, yoan ioapalcal, ixiuhcos,</Unicode>
                </TextEquiv>
            </TextLine>
            <TextLine id="r2l7" custom="readingOrder {index:6;}">
                <Coords points="1450,1097 1540,1056 1718,1109 1906,1055 2177,1055 2532,1066 2621,1111 2646,973 2359,1003 2302,954 2202,990 2017,942 1866,993 1450,982"/>
                <Baseline points="1458,1056 1520,1056 1582,1055 1644,1055 1706,1055 1768,1055 1830,1056 1892,1056 1954,1058 2016,1058 2078,1059 2140,1059 2202,1059 2264,1059 2326,1058 2388,1058 2450,1055 2512,1053 2574,1049 2637,1044"/>
                <TextEquiv>
                    <Unicode>yoan iquetzalcal auh inimaca</Unicode>
                </TextEquiv>
            </TextLine>
            <TextLine id="r2l8" custom="readingOrder {index:7;}">
                <Coords points="1449,1220 1910,1201 1995,1241 2120,1195 2459,1236 2648,1170 2648,1096 2277,1148 2201,1091 2075,1137 1978,1076 1794,1131 1563,1061 1449,1135"/>
                <Baseline points="1457,1182 1516,1181 1575,1181 1634,1182 1693,1182 1752,1184 1811,1186 1871,1188 1930,1190 1989,1191 2048,1194 2107,1195 2166,1196 2225,1196 2285,1196 2344,1194 2403,1191 2462,1188 2521,1182 2580,1176 2640,1167"/>
                <TextEquiv>
                    <Unicode>oahoan, intolteca haçan in veca</Unicode>
                </TextEquiv>
            </TextLine>
            <TextLine id="r2l9" custom="readingOrder {index:8;}">
                <Coords points="1432,1376 1614,1314 1771,1358 1981,1320 2556,1344 2641,1294 2641,1183 2399,1269 2302,1263 2245,1210 2171,1263 2086,1211 1894,1251 1683,1203 1431,1278"/>
                <Baseline points="1440,1322 1499,1318 1559,1316 1619,1314 1678,1314 1738,1314 1798,1315 1857,1316 1917,1317 1977,1319 2037,1319 2096,1320 2156,1320 2216,1320 2275,1320 2335,1319 2395,1316 2454,1313 2514,1308 2574,1301 2634,1295"/>
                <TextEquiv>
                    <Unicode>quichioaia, vel iciuhça acitivess</Unicode>
                </TextEquiv>
            </TextLine>
            <TextLine id="r2l10" custom="readingOrder {index:9;}">
                <Coords points="1445,1446 1725,1463 1796,1514 2124,1446 2385,1500 2436,1449 2638,1416 2637,1321 2487,1387 2222,1350 2103,1431 1932,1341 1645,1341 1570,1406 1444,1397"/>
                <Baseline points="1452,1449 1514,1449 1576,1449 1638,1449 1700,1451 1762,1452 1824,1452 1886,1454 1948,1454 2010,1455 2072,1455 2134,1454 2196,1452 2258,1451 2320,1448 2382,1443 2444,1438 2506,1431 2568,1423 2631,1415"/>
                <TextEquiv>
                    <Unicode>ia in campavia, auh injccencō</Unicode>
                </TextEquiv>
            </TextLine>
            <TextLine id="r2l11" custom="readingOrder {index:10;}">
                <Coords points="1428,1609 2173,1599 2320,1646 2440,1594 2505,1643 2634,1587 2615,1493 2320,1546 2181,1496 2042,1526 1940,1497 1880,1534 1429,1509"/>
                <Baseline points="1437,1590 1496,1586 1555,1584 1615,1583 1674,1583 1734,1583 1793,1584 1852,1586 1912,1587 1971,1589 2031,1590 2090,1592 2149,1593 2209,1595 2268,1595 2328,1595 2387,1592 2446,1590 2506,1587 2565,1582 2625,1575"/>
                <TextEquiv>
                    <Unicode>totocaia motocalotiaia, tlanqua</Unicode>
                </TextEquiv>
            </TextLine>
            <TextLine id="r2l12" custom="readingOrder {index:11;}">
                <Coords points="1434,1725 2423,1755 2633,1725 2633,1624 2177,1656 2106,1600 1881,1662 1655,1602 1434,1647"/>
                <Baseline points="1443,1718 1502,1715 1561,1713 1620,1713 1679,1714 1738,1715 1797,1716 1856,1719 1915,1721 1974,1722 2034,1724 2093,1725 2152,1727 2211,1727 2270,1727 2329,1725 2388,1722 2447,1718 2506,1713 2565,1705 2625,1695"/>
                <TextEquiv>
                    <Unicode>cemilhujme, auh vncan cente</Unicode>
                </TextEquiv>
            </TextLine>
            <TextLine id="r2l13" custom="readingOrder {index:12;}">
                <Coords points="1428,1895 1855,1909 2004,1865 2129,1909 2527,1900 2630,1881 2630,1751 2307,1743 2174,1784 2125,1749 2034,1800 1930,1749 1673,1740 1578,1793 1485,1758 1428,1793"/>
                <Baseline points="1436,1856 1495,1854 1554,1854 1613,1854 1673,1854 1732,1856 1791,1857 1851,1860 1910,1862 1969,1863 2029,1865 2088,1866 2147,1866 2206,1868 2266,1866 2325,1865 2384,1862 2444,1858 2503,1852 2562,1846 2622,1838"/>
                <TextEquiv>
                    <Unicode>tepetl, motocaiotia tzatzitepeti,</Unicode>
                </TextEquiv>
            </TextLine>
            <TextLine id="r2l14" custom="readingOrder {index:13;}">
                <Coords points="1433,2003 2432,2009 2498,2054 2641,1984 2642,1898 2185,1947 2108,1889 1980,1928 1899,1877 1801,1927 1434,1894"/>
                <Baseline points="1440,1991 1499,1987 1559,1985 1619,1983 1678,1983 1738,1983 1798,1985 1857,1986 1917,1989 1977,1991 2037,1994 2096,1995 2156,1997 2216,1998 2275,1998 2335,1998 2395,1997 2454,1994 2514,1990 2574,1985 2634,1977"/>
                <TextEquiv>
                    <Unicode>nocan njuh mjtoa, in axcan, qua</Unicode>
                </TextEquiv>
            </TextLine>
            <TextLine id="r2l15" custom="readingOrder {index:14;}">
                <Coords points="1429,2143 1673,2126 1821,2194 1934,2142 2167,2143 2281,2157 2378,2226 2615,2133 2616,2026 1561,2073 1430,2035"/>
                <Baseline points="1437,2141 1495,2136 1554,2133 1612,2132 1671,2130 1729,2130 1788,2132 1846,2133 1905,2135 1963,2136 2022,2139 2080,2141 2139,2143 2197,2144 2256,2145 2314,2145 2373,2145 2431,2142 2490,2140 2548,2136 2607,2130"/>
                <TextEquiv>
                    <Unicode>vncan moquetzaia in tecpoiotla</Unicode>
                </TextEquiv>
            </TextLine>
            <TextLine id="r2l16" custom="readingOrder {index:15;}">
                <Coords points="1424,2309 1713,2289 1912,2327 2035,2285 2515,2327 2630,2306 2630,2178 2153,2240 1982,2202 1423,2217"/>
                <Baseline points="1431,2283 1490,2279 1550,2274 1609,2273 1669,2271 1728,2271 1788,2271 1847,2273 1907,2274 1966,2276 2026,2277 2086,2279 2145,2280 2205,2280 2264,2280 2324,2279 2383,2277 2443,2273 2502,2268 2562,2261 2622,2252"/>
                <TextEquiv>
                    <Unicode>in tiejn monequia, vncan moqua</Unicode>
                </TextEquiv>
            </TextLine>
            <TextLine id="r2l17" custom="readingOrder {index:16;}">
                <Coords points="1405,2432 2612,2425 2599,2305 2417,2363 2195,2302 2056,2355 1922,2316 1865,2350 1797,2308 1405,2335"/>
                <Baseline points="1413,2424 1472,2420 1532,2417 1591,2415 1651,2414 1710,2414 1770,2414 1829,2415 1889,2417 1948,2418 2008,2419 2068,2420 2127,2421 2187,2421 2246,2421 2306,2421 2365,2418 2425,2415 2484,2411 2544,2404 2604,2397"/>
                <TextEquiv>
                    <Unicode>toaia in tzatzia, vel oncaquistic</Unicode>
                </TextEquiv>
            </TextLine>
            <TextLine id="r2l18" custom="readingOrder {index:17;}">
                <Coords points="1417,2572 2056,2611 2309,2556 2412,2598 2627,2526 2626,2394 2399,2493 2023,2442 1949,2490 1417,2480"/>
                <Baseline points="1425,2559 1484,2555 1544,2550 1604,2548 1663,2547 1723,2546 1783,2547 1842,2547 1902,2549 1962,2550 2022,2552 2081,2553 2141,2553 2201,2554 2260,2553 2320,2552 2380,2549 2439,2544 2499,2539 2559,2531 2619,2522"/>
                <TextEquiv>
                    <Unicode>in anaoac, vel ixqujchcapaoiaa</Unicode>
                </TextEquiv>
            </TextLine>
            <TextLine id="r2l19" custom="readingOrder {index:18;}">
                <Coords points="1432,2711 1592,2699 1695,2740 1892,2704 2005,2759 2177,2712 2376,2773 2484,2717 2596,2724 2598,2536 2404,2656 2194,2606 2032,2638 1926,2584 1770,2643 1517,2607 1433,2636"/>
                <Baseline points="1440,2691 1497,2691 1554,2690 1612,2691 1669,2691 1727,2693 1784,2695 1842,2697 1899,2699 1957,2700 2014,2702 2071,2705 2129,2705 2186,2706 2244,2706 2301,2706 2359,2705 2416,2702 2474,2699 2531,2694 2589,2688"/>
                <TextEquiv>
                    <Unicode>cacoia, in tlein quitooaia, inta</Unicode>
                </TextEquiv>
            </TextLine>
            <TextLine id="r2l20" custom="readingOrder {index:19;}">
                <Coords points="1408,2852 2512,2871 2615,2847 2616,2731 2290,2775 2054,2722 1946,2769 1744,2716 1582,2773 1409,2748"/>
                <Baseline points="1416,2840 1475,2835 1535,2833 1594,2831 1654,2831 1713,2831 1773,2831 1832,2832 1892,2834 1951,2835 2011,2837 2071,2840 2130,2841 2190,2843 2249,2843 2309,2844 2368,2844 2428,2843 2487,2841 2547,2838 2607,2835"/>
                <TextEquiv>
                    <Unicode>naoatilli muchioaia, iciuhcoa</Unicode>
                </TextEquiv>
            </TextLine>
            <TextLine id="r2l21" custom="readingOrder {index:20;}">
                <Coords points="1417,3018 1625,2993 2179,3036 2452,2974 2578,3012 2579,2835 2454,2888 2102,2859 1942,2943 1569,2844 1418,2926"/>
                <Baseline points="1425,2973 1482,2970 1539,2969 1596,2967 1654,2967 1711,2969 1768,2970 1826,2970 1883,2972 1940,2974 1998,2976 2055,2977 2112,2978 2169,2978 2227,2978 2284,2978 2341,2976 2399,2975 2456,2971 2513,2966 2571,2960"/>
                <TextEquiv>
                    <Unicode>oalvilooaia: quioalmatia il</Unicode>
                </TextEquiv>
            </TextLine>
            <TextLine id="r2l22" custom="readingOrder {index:21;}">
                <Coords points="1407,3129 1773,3146 1891,3113 1988,3174 2142,3131 2491,3149 2586,3116 2588,3013 2524,2989 2453,3054 2392,3006 2293,3053 2230,3012 2184,3041 1798,3013 1722,3058 1522,3009 1409,3028"/>
                <Baseline points="1415,3113 1473,3110 1531,3108 1589,3107 1647,3108 1706,3110 1764,3111 1822,3114 1880,3117 1938,3120 1997,3123 2055,3126 2113,3128 2171,3129 2229,3131 2288,3131 2346,3131 2404,3128 2462,3125 2520,3119 2579,3113"/>
                <TextEquiv>
                    <Unicode>ictenaoatia quetzalcoatl. Aujh</Unicode>
                </TextEquiv>
            </TextLine>
            <TextLine id="r2l23" custom="readingOrder {index:22;}">
                <Coords points="1401,3316 1527,3251 1709,3260 1816,3323 1998,3326 2092,3270 2494,3289 2604,3247 2605,3093 2489,3182 2243,3190 2079,3144 1846,3174 1805,3139 1402,3164"/>
                <Baseline points="1410,3257 1469,3254 1528,3251 1587,3251 1647,3251 1706,3252 1765,3254 1824,3257 1884,3260 1943,3261 2002,3264 2061,3267 2121,3269 2180,3269 2239,3270 2298,3269 2358,3266 2417,3263 2476,3257 2535,3250 2595,3240"/>
                <TextEquiv>
                    <Unicode>yoan vel mocujltonooaia, liala</Unicode>
                </TextEquiv>
            </TextLine>
            <TextLine id="r2l24" custom="readingOrder {index:23;}">
                <Coords points="1405,3434 1641,3395 1897,3474 2116,3404 2503,3473 2595,3441 2600,3262 2323,3371 2140,3286 2011,3341 1911,3306 1830,3356 1604,3250 1408,3326"/>
                <Baseline points="1415,3381 1473,3380 1532,3380 1590,3381 1649,3383 1708,3386 1766,3390 1825,3394 1884,3398 1942,3402 2001,3407 2060,3409 2118,3413 2177,3414 2236,3416 2294,3416 2353,3414 2412,3410 2470,3405 2529,3400 2588,3390"/>
                <TextEquiv>
                    <Unicode>çotli catca, in qualoni, in ixquj</Unicode>
                </TextEquiv>
            </TextLine>
            <TextLine id="r2l25" custom="readingOrder {index:24;}">
                <Coords points="1418,3537 1834,3553 1978,3632 2102,3573 2618,3581 2624,3387 2504,3474 2130,3429 1943,3520 1860,3444 1421,3442"/>
                <Baseline points="1427,3524 1486,3525 1545,3527 1604,3530 1664,3533 1723,3538 1782,3542 1841,3546 1901,3551 1960,3555 2019,3559 2078,3562 2138,3565 2197,3567 2256,3567 2315,3567 2375,3566 2434,3563 2493,3558 2552,3550 2612,3542"/>
                <TextEquiv>
                    <Unicode>in tonacaiutl, qujlmach inaiolos,</Unicode>
                </TextEquiv>
            </TextLine>
            <TextLine id="r2l26" custom="readingOrder {index:25;}">
                <Coords points="1407,3679 1624,3714 1675,3684 1887,3778 2188,3724 2478,3767 2583,3723 2587,3617 2411,3661 2276,3609 2218,3640 2144,3588 2007,3648 1903,3599 1848,3631 1759,3599 1409,3617"/>
                <Baseline points="1415,3674 1473,3675 1531,3676 1589,3678 1647,3681 1705,3684 1763,3688 1821,3691 1879,3695 1937,3699 1995,3702 2053,3706 2111,3708 2169,3711 2227,3713 2285,3713 2343,3713 2401,3712 2459,3710 2517,3707 2576,3701"/>
                <TextEquiv>
                    <Unicode>cenca vevejtapopol catca, cequi</Unicode>
                </TextEquiv>
            </TextLine>
            <TextLine id="r2l27" custom="readingOrder {index:26;}">
                <Coords points="1408,3832 2556,3865 2618,3844 2620,3728 2308,3794 2130,3729 1962,3783 1409,3759"/>
                <Baseline points="1416,3839 1475,3833 1535,3830 1595,3828 1654,3828 1714,3828 1774,3831 1833,3834 1893,3837 1953,3840 2013,3843 2072,3846 2132,3849 2192,3851 2251,3851 2311,3851 2371,3849 2430,3845 2490,3838 2550,3830 2610,3819"/>
                <TextEquiv>
                    <Unicode>canmamaiacachtic: auh inuzi</Unicode>
                </TextEquiv>
            </TextLine>
            <TextLine id="r2l28" custom="readingOrder {index:27;}">
                <Coords points="1408,4007 1511,3971 2003,4047 2114,3990 2416,4054 2489,3997 2608,3993 2610,3859 2214,3951 2089,3877 1776,3924 1650,3876 1558,3910 1490,3857 1409,3916"/>
                <Baseline points="1416,3978 1475,3977 1534,3975 1593,3977 1653,3978 1712,3980 1771,3983 1830,3985 1890,3988 1949,3992 2008,3994 2067,3997 2127,3998 2186,3999 2245,3999 2304,3998 2364,3995 2423,3992 2482,3986 2541,3978 2601,3968"/>
                <TextEquiv>
                    <Unicode>tli vel memetlapiltic, vivitlatzio,</Unicode>
                </TextEquiv>
            </TextLine>
            <TextLine id="r2l29" custom="readingOrder {index:28;}">
                <Coords points="1404,4111 1594,4119 1644,4164 1855,4128 2032,4163 2469,4143 2574,4196 2577,4026 2526,4055 2481,4010 2247,4086 1866,4021 1405,4050"/>
                <Baseline points="1412,4104 1469,4108 1527,4111 1585,4115 1643,4118 1700,4121 1758,4123 1816,4125 1874,4127 1931,4128 1989,4130 2047,4130 2105,4131 2162,4131 2220,4131 2278,4130 2336,4130 2393,4128 2451,4127 2509,4125 2567,4122"/>
                <TextEquiv>
                    <Unicode>çan quimalcochooaia, auh ili</Unicode>
                </TextEquiv>
            </TextLine>
            <TextEquiv>
                <Unicode>3.
fica, in quetzatcoatl in ixquich ila
tecaiotl, in nemachtli, yoan ona
ca ichalchiuhcal, yoan iteucujla
cal, yoan itapachcal, yoan itoe
citzcal, yoan ioapalcal, ixiuhcos,
yoan iquetzalcal auh inimaca
oahoan, intolteca haçan in veca
quichioaia, vel iciuhça acitivess
ia in campavia, auh injccencō
totocaia motocalotiaia, tlanqua
cemilhujme, auh vncan cente
tepetl, motocaiotia tzatzitepeti,
nocan njuh mjtoa, in axcan, qua
vncan moquetzaia in tecpoiotla
in tiejn monequia, vncan moqua
toaia in tzatzia, vel oncaquistic
in anaoac, vel ixqujchcapaoiaa
cacoia, in tlein quitooaia, inta
naoatilli muchioaia, iciuhcoa
oalvilooaia: quioalmatia il
ictenaoatia quetzalcoatl. Aujh
yoan vel mocujltonooaia, liala
çotli catca, in qualoni, in ixquj
in tonacaiutl, qujlmach inaiolos,
cenca vevejtapopol catca, cequi
canmamaiacachtic: auh inuzi
tli vel memetlapiltic, vivitlatzio,
çan quimalcochooaia, auh ili</Unicode>
            </TextEquiv>
        </TextRegion>
    </Page>
</PcGts>
