2598 4178
607 9 1000 231 lipro.
193 255 1339 399 dia quando lauauan, al dicho vi
171 369 1328 459 tzilobuchtli, era media noche: y an
169 430 1313 568 tes que le lauassen, primero ha
168 552 1330 653 zian procession, que se llamaua
169 624 1355 754 necocololo. Jvno se vestia, con el ves
176 705 1275 822 tido, del dicho vitzilobuchtli: el
162 802 1358 952 qual se llamaua yiopuch, yyua
156 894 1334 1054 baylando, en persona de vitzilobu
166 985 1307 1147 chtli: y delante del, yua vno q̄
164 1095 1291 1205 se llamaua, vitznaoac tiach ca
140 1191 1295 1338 uh: y empos del, yuan todos los
149 1286 1308 1445 principales, de los mancebos, que
151 1381 1278 1514 se llaman tiachcauhtlatoque,
142 1484 1289 1622 y hombres valientes: y otra gente
129 1593 1291 1700 todos iuntos de tras, con candelas
154 1685 1286 1841 de teas, hasta al lugar, donde se
144 1818 1292 1953 lauaua, el dicho vitzilobuchtli: q̄
140 1931 1307 2040 se llamaua ayauhcalco, yle tañj
139 1996 1284 2144 an flautas. Yluego le asentauā
132 2093 1266 2237 al dicho vitzilobuchtli: y el pri
123 2208 1315 2357 uado del dicho vitzilobuchtli, que
123 2327 1287 2438 se llamaua teuoa, tomaua el a
119 2400 1292 2545 gua con vna xicara de calabaca
115 2506 1306 2655 pintada, de color acul quatro ve
109 2615 1288 2751 zes, y le ponja delante, conqua
106 2714 1297 2855 tro cañas verdes, y le lauaua la
108 2809 1282 2957 cara, al dicho vitzilobuchtli, y to
106 2892 1283 3046 do el cuerpo Jdespues de lauado,
106 3010 1268 3149 el que se vestia del vestido, del
113 3138 1297 3227 dichol vitzilobuchtli, tomaua otra
90 3228 1300 3350 dez la estatua, del dicho vitzilobu
103 3306 1285 3462 chtljeaendo las flautas, y la
99 3426 1261 3552 lleuaua hasta la poner, y assen
98 3508 1238 3633 tar enel cu: Jansi despues de
100 3620 1285 3729 auer puesto la estatua, del dicho
96 3707 1249 3865 vitzilobuchtli: luego se salian to
94 3797 1271 3973 dos, y se yuan asus casas. Jdesta
1568 69 1758 259 zej
1422 271 2561 439 xivitl occeppa, quitlatlaliaia cuh
1424 403 2558 570 iaca Elatotl tequachtli ococoalzi,
1419 514 2555 726 no etetl quauhcoalomj centotl to
1424 651 2546 816 pilli ic muchioa, inie muchi ic no
1411 774 2549 940 pan chiquacentetl, iquac motla
1418 854 2569 1057 quia, injc maltiaia Vitzilobuch.
1419 996 2548 1147 tli, injc ontlamj cexivitl, aula
1396 1130 2547 1258 in caltiaia in vitzilobuchtli: ioaa
1402 1252 2549 1425 nepantla, in aiamomaltia achio
1407 1377 2551 1541 pa necocololo, auh ce tlacatl mo
1404 1495 2552 1665 chichioaia in jxiptla in vitzilobli
1375 1634 2540 1846 tli itoca ysobueh, conmaquja,
1381 1754 2552 1952 in itlatquj, in cexivitl ipan ocatca
1400 1923 2538 2097 yn oqujcexiuhtili, itla aquj ie mo
1402 2039 2543 2246 çaoa cexiujtl in itla aquiz, aul
1394 2181 2545 2358 mitotiaia, in oitla ac, cequjiai
1383 2318 2538 2484 tiuh ce ispanicatiuhi, itocavt
1393 2435 2540 2650 naoac teachcauh auh in jxij
1371 2587 2514 2789 tiachcauhti, in telpochtequioaiz
1391 2729 2481 2890 yoan in ie ixquich in quauhtli
1389 2838 2512 3046 lutl quitocativi, cololvitivi Je vtcs
1388 2993 2537 3174 njn in monequi tlepilli, in ocopli
1384 3107 2542 3299 auh in oacic iooalnepantla, in jla
1378 3248 2511 3431 ieic iauh in maltiz qujtlaviliti
1374 3380 2474 3566 vi, matleviltica, mactlaviltica
1377 3501 2515 3680 matlematica, qujtlapichilitiuj,itl,
1371 3642 2512 3781 oacito in aiauh calco njman ie il
1379 3753 2497 3913 quitlalia, in ixiptla in vitzilobue
1367 3875 2493 4058 tli: auh inteuhoa njman ieio
