2460 4018
1060 64 1489 232 Apendiz.
1876 216 2017 301 con.
1470 224 2396 407 anjcan toncuj toconan, ina
126 244 1309 413 lo que sera: no sabemos por cier
1363 345 2389 481 minjiotzin, in amotlatoltzi inca
148 369 1287 508 to cosa cierta que os dezir, es
142 482 1208 606 to sera, o esto se hara, de
1367 438 2408 623 tehoantitotati, matictolhujloia
148 579 1299 700 vuestro hijo, esperemos ennu
1352 556 2417 728 matictomactocati, innjcan oaha
134 669 1237 813 estro señor todo poderoso, lo
1346 685 2410 869 ca in amihjiotzin, in amotlauta
127 788 1309 923 que tendra por bien de hazga
1353 819 2413 990 mjc ica, injc ipampa, anmos
129 871 1271 1012 a vuestro hijo. J luego toma
1344 939 2399 1106 tlamachitia, in amoçozqujstiza.
131 991 1258 1121 uan al muchacho y lleuauā
1332 1061 2408 1216 moquetzal, ca çan tictotlacaoj,
121 1091 1262 1232 le, ala casa de calmecac: ylos
112 1196 1252 1333 padres del muchacho, lleua
1332 1174 2398 1342 lilia in totecujo in topiltzin in qua
101 1293 1244 1437 uan consigo papeles, y encien
1330 1302 2416 1459 tzalcoatl, in tlilpotonquj anla
98 1417 1225 1552 so, ymaxtles, y mantas, y
1339 1418 2401 1607 quen qujmonequililia, inosia
108 1524 1270 1667 vnos sartales de oro, y pluma
1336 1573 2413 1729 cozquj, in amoquetzal, auh qua
120 1643 1250 1783 rica, y piedras preciosas, an
1321 1681 2389 1851 caquen amechmonequililia:
99 1750 1232 1872 te la estatua, de Quetzalco
1327 1806 2410 1984 yn amehoantin, ancaquenala
90 1861 1226 1993 atl, en la casa de calmecac
1322 1924 2408 2123 ies, in cozcatl in quetzali, ina
112 1985 1217 2143 Jen llegandose todos, luego ti
96 2088 1249 2243 ñja, y vntauan al mucha
1306 2084 2389 2257 tocontotemtalhuizque injna
79 2188 1222 2335 cho, continta todo el cuerpo
1317 2209 2400 2398 iuhquiy, in maiehoatl, y, na
80 2306 1228 2455 y la cara: y le ponjan vnas
1303 2338 2387 2494 tictocentemachilica in totechi:
81 2397 1207 2544 cuentas de palo, que se lla
1307 2473 2387 2659 in tloque naoaque, quentz
81 2503 1224 2626 ma tlacopatli. Jsi era hijo de
73 2629 1244 2762 pobres, le ponjan hilo, de algo
1300 2571 2374 2755 monequililia, maoctitla cetli
73 2727 1201 2876 don floxo: y le cortauan las
1294 2719 2364 2906 machica, Nlimanquivica.
55 2841 1223 2977 orejas, y sacauan la sangre
1291 2862 2369 3034 tontli inteupan, amatl cop
55 2944 1229 3090 y la ofrecian ante: la estatua
1276 2931 2413 3179 li in quitquj in pilhoaque, ina
70 3055 1179 3182 de quetzalcoatl. Jsi aun era
46 3142 1216 3298 pequeno, tornauan alleuar
1278 3069 2420 3303 toque anoço pipilti, maxtlah,
51 3257 1170 3417 le consigo los padres asu
1295 3232 2423 3415 tilmatli, cozcatl, quetzalli cila
65 3361 1171 3512 casa: y si el muchacho, era
1288 3396 2384 3584 cnivitl, in quivenchioaia. Ynj
45 3477 1168 3629 hijo del señor, o principal,
1288 3517 2408 3704 no tlacatl çan amatzintli, o
45 3584 1205 3736 luego le qujtauan las cuen
70 3681 1213 3809 tas, hechas de tlacopatli: y las
1277 3657 2396 3846 paltzitli, anoço yiauhtli, it
77 3781 1192 3899 dexauan en la casa de calme
1275 3774 2431 3975 quitquj in jnvenmuchioa, Jua
