2490 3962
580 -1 1141 195 Pibro. E.
92 243 1249 367 tañer, en vn atabal, y menear vnas so
104 336 1234 419 najas, estando sentados. Y esto era vn
94 392 1241 508 serujcio, que hazian asus dioses: y au
93 481 1218 579 agora lo vsan algunos. llegados los
87 538 1219 653 satrapas, alagua donde se aujan de
90 630 1216 739 bañar: estauan quatro casas, cerca
94 675 1222 820 de aquel agua, alas quales llamauā
96 771 1206 880 aiauhcati, que qujere dezir, casa de
102 844 1207 953 njebla: estauan estas casas ordena
99 915 1224 1025 das hazia las quatro partes del mū
94 985 1212 1091 do vna hazia oriente, otra hazia
101 1062 1226 1172 septentrion, otra hazia al occiden
103 1151 1213 1260 te, otra hazia al medio dia. El pri
101 1198 1215 1307 mero dia, se metian todos, envna
88 1290 1225 1381 destas, y el segundo en la otra, y el ter
103 1366 1208 1452 cero, en la tercera, y el quarto en la
91 1448 1230 1549 quarta: y como vuan desnudos, yuā
106 1508 1238 1593 temblando, y otros batiendo los dien
99 1568 1244 1690 tes de frio: estando assi començauā
101 1643 1244 1772 de hablar, vno de los satrapas, que se
98 1733 1226 1857 llamaua chalchiuhquacujlli: y dezia.
101 1823 1209 1930 Coatl ycomocaian, amoiotl ycaoacaian,
106 1899 1244 1995 atapalcatl ynechiccanaoaian, aztapilcue
99 1967 1239 2076 cuetlacaian; qujere dezir. Este es lugar
103 2034 1252 2152 de culebras, lugar de mosqujtos, y lugar
107 2105 1230 2224 de patos, y lugar de juncias. En acabā
111 2182 1219 2296 do de dezir esto, el satrapa todos los o
99 2262 1224 2379 tros se arronjauan enel agua: comen
103 2329 1225 2451 cauan luego achapetear en el agua, cō
110 2404 1213 2518 los pies, y con las manos, haziendo gra
104 2483 1210 2593 de estruendo: començauan abozoar y
111 2539 1216 2685 agritar, y a contra hazer las aues del
96 2628 1209 2759 agua, vnos alas anades, otros a vnas
106 2705 1242 2808 aues, can cudas del agua, que llaman
90 2790 1239 2901 pipitzti, otros alos cueruos marinos, otros
101 2859 1233 2969 alas garcotas blancas, otros alas garcas.
109 2931 1231 3034 Aquellas palabras, que dezia, el satra
115 3027 1231 3122 pa: parece que eran inuoca cion del
111 3081 1253 3196 demonjo, para hablar aquellos lengua
98 3153 1210 3264 jes de aues enel agua; donde estos se
103 3215 1249 3319 bañauan, estauan vnos varales hinca
107 3312 1246 3415 dos, quatro dias arreo hazian desta ma
95 3379 1228 3459 nera: en acabandose de bañar, salian
102 3457 1213 3563 se del agua, y tomauan sus alhajas,
108 3508 1237 3633 que aujan traydo, y bolujan asu mo
103 3590 1218 3702 nesterio desnudos: y tañendo con sus
91 3677 1240 3767 pitos, y caracoles. Y llegando asu mones
99 3741 1243 3840 terio, echauanse todos, sobre aquellos pe
95 3786 1228 3910 tates de juncias verdes, y cubrianse con
1528 32 2427 204 delas, cerimonjas:
1325 237 2422 379 qujmec oalqujxoa yn atlan, nechi
1318 333 2416 476 chioalo: njman ie oalnecuepalo, y
1306 443 2388 560 cujtlaujc oalujloa, çan ie noiuj
1312 513 2419 647 in vitze, tlapitztiujtze, pepetla
1314 626 2423 752 uhtiujtze, tlapetlauj. Auh yn
1308 726 2419 866 onacico, yn onmocacaltemaco
1318 846 2395 961 njman ie ic moteteca, moçoçoa
1318 927 2403 1080 yn aztapilpetlatl, yn noujan
1306 1023 2412 1161 calmecac: njman ie ic netlatlal
1312 1150 2441 1283 pililo, nequequentilo, mec nete
1296 1239 2411 1387 teco, yn aztapilpetlapan, cecec
1299 1335 2441 1469 mjcoatoc, ce cecextoque, yitztito
1320 1448 2414 1599 que, mococototztlalia, motata
1315 1552 2447 1701 paiollalia: cequjntin cani itztoque
1324 1653 2435 1805 cequjntin cocochi, cequjntin çan
1318 1777 2423 1904 cochcanaoatoque, cequjntin te
1304 1876 2438 2013 miquj, cequjntin cochtlatoa ce
1326 1982 2415 2136 qujntin cochitleoa, tlaquaqua
1312 2082 2426 2216 laca, tlacotaliuj, tlaqujqujna
1316 2157 2417 2325 oa, tlatetena, tlanecujliuj in
1307 2264 2400 2443 cochioa: qujncen nepantlato
1302 2373 2423 2529 natiuh in neeheoalo. Auh in
1299 2494 2392 2647 oneeheoaloc, mec muchichioa
1309 2622 2407 2754 in tlenamacac, ynic tlenama
1310 2735 2413 2858 caz tlatotoniz, noujian qujca, in
1321 2838 2420 2967 izqujcan teteupan, qujiacanti
1314 2919 2422 3059 nemj in quaquacujlti. Auh yno
1321 3026 2431 3150 tlenamacato noujian: njmanic
1315 3125 2405 3241 ic tlaqualo, tlatlaqualo, neia
1306 3218 2405 3376 iaoalolo, neoblololo: ceceiaca
1300 3337 2393 3492 qujmonmaca yn intlaqual:
1314 3465 2429 3595 yn quenamjmolli qujmon ma
1299 3570 2411 3712 ca, navilhujxti in caniec quj
1308 3664 2438 3802 palozque. Auh intla acaquj
1316 3767 2444 3898 patilizque ymol, iccaci, ic cona
