1944 2736
290 11 609 111 libro. 1.
110 116 932 229 este dios, hazianle vn oratorio, de tablas
127 211 934 302 pintadas, como tabernaculo, donde esta
130 259 934 345 ua, su ymagen. E neste oratorjo, otem
125 326 945 402 plo, auja muchos lebrillos, y tinajasde
121 370 921 453 agua. todas estauan atapadas, con ta
125 417 941 503 blas, o comales: llamauan aesta agua,
131 477 925 567 tlilatl, que qujere dezir: agua negra.
124 528 929 632 Y quando algun njño, emfermaua: lle
135 594 934 682 uauanle al templo, otabernaculo, des
125 667 940 730 te dios ixtlilton: y abrian, vna de aque
126 700 921 788 llas tinajas, y dauan abeuer, al njño,
124 760 852 850 de aquel agua: y con ella sanaua.
130 809 932 931 quando alguno, queria hazer la fies
130 876 908 980 ta deste dios, por su deuocion: lleua
132 934 959 1041 uasu ymagen, asu casa. Esta yma
135 990 937 1115 gen no era de bulto, nj pintada: si
135 1059 938 1156 no era vno, de los satrapas, que se ves
128 1128 954 1207 tia, los ornamentos, deste dios: y quā
129 1184 913 1275 dole lleuauan, yuanle encensando,
139 1245 941 1336 delante, con humo de copal: como lle
143 1294 933 1408 gaua esta ymagen, ala casa, del que
140 1357 934 1449 auja de hazerle fiesta, con danças, y
129 1404 946 1507 cantares, como ellos vsauan: Porque
136 1452 945 1586 esta manera, de dançar, o baylar: es
142 1518 947 1629 muy diferente, de nrōs bayles, ydan
144 1577 947 1687 ças: pongo aquj, la manera, que tienē,
137 1633 928 1743 enestas danças, obayles: que por otro
139 1686 963 1787 nombre, se llaman areytos: y en su len
139 1734 952 1866 gua se llaman, maceoaliztli. Juntauā
138 1800 977 1897 se muchos, de dos endos, o de tres entres:
138 1845 953 1965 en vn gran corro, segun la cantidad,
137 1900 955 2024 de los que eran: lleuando flores, en
138 1962 966 2073 las manos, yataujados con pluma
132 2015 944 2142 jes: hazian todos a vna, vn mesmo
150 2074 945 2185 meneo, con el cuerpo, y con los pies
145 2123 958 2266 y con las manos: cosa bien deuer, ybi
157 2193 960 2309 en artificiosa: todos los meneos, yuā
151 2243 960 2362 segun el son, que tañjan, los tañedo
142 2307 993 2431 res, del atambor, y del teponaztli. Con
144 2362 963 2504 esto, yuan cantando, con gran conci
153 2431 953 2534 erto, todos, y con bozes, muy sonoras:
138 2485 952 2588 los loores, de aquel dios, aqujen feste
144 2533 963 2641 jauan. Y lo mjsmo vsan agora: aun
141 2587 976 2696 que enderecado de otra manera: ende
195 2639 976 2737 çanlos meneos, contenencias, yata
1108 -6 1562 99 de los dioses.
991 117 1938 257 Teutl catca, çan quavitl yn jteupan
1002 231 1922 333 catca, ytocaiocan tlacujlocan: in vn
1008 293 1914 436 çan yteupan, mjec yn apaztli, tza
1013 413 1898 535 tzacutimanca, motocaiotia itli
1013 491 1890 635 lauh. Auh yn aqujn mococoa
1014 612 1879 732 ia, piltontli, vmpa qujujcaia
1015 716 1846 834 yn jteupan ixtlilton: centetl,
1011 795 1894 936 qujtlapoaia yn apaztli, conjtia
1010 913 1891 1035 ia yn jtlilauh; ic patia inpilton
1012 983 1890 1123 tli. Auh yn aqujn qujtotiz, co
1014 1119 1880 1214 paltica in conanaia, ynjc qujvi
1003 1213 1843 1320 caia ychan yn jxiptla: çan tla
1014 1298 1854 1412 catl in muchichioaia. Jn oacic
1016 1375 1873 1515 ychan, tlatotiz, teytotiz: njman
1013 1487 1879 1589 tlatlaqualo, atlioa: yn otlaqua
999 1568 1896 1689 loc, njman mjtotia, yn jxtlilton:
1012 1660 1893 1800 yn omjtoti, yn onmaceuh, calitic
1010 1752 1885 1873 oncalaquj: iehoatl qujtlapoa in
1024 1847 1873 1971 vctli, navilhujtica tzacutimā
1018 1932 1909 2052 ca: ic mjtoaia, tlaiacaxapotla,
1032 2024 1855 2156 vitzmana. Niman ye vmpeoa,
1026 2141 1846 2255 yn ie tlaoano: oc cepa oalqujça
1027 2218 1843 2343 itoalco, qujtlapoa yn jtlilauh,
1022 2322 1854 2449 no tzacutimanca navilhujtica;
1022 2420 1841 2531 ic macujlilhujtl in qujtlapoa:
1024 2494 1870 2606 ic mjtoaia, ic moteneoaia, intla
1025 2571 1874 2709 tlaçolli, yntla tocatzaoalli, yntla
