2656 4028
1132 47 1515 229 Apendiss.
56 229 1242 392 temsuam, et per scientiam suce
61 376 1230 539 artis figuret illud, et assimilet il
1356 474 1433 605 fuj
49 466 1223 672 lud imaginj homjnjs, aut alicuj
66 613 1217 792 ex anjmalibus illud comparet
48 749 1213 911 pertinjens rubrica, et rubricun
1348 880 1440 1004 bz
60 888 1253 1031 dum faciens fuco colorem illius,
73 1018 1248 1177 et omnem maculam, que in illo
65 1123 1243 1323 est perlinjens: et faciat ei dig
82 1266 1224 1410 nam habitationem, et in parie
70 1387 1245 1558 te ponens illud, et confirmans
82 1496 1301 1699 ferro, ne forte cadar prospiciens
71 1668 1272 1806 illi, sciens quonjam non potest
78 1776 1284 1940 adiuuare se, imago enjm est, et
82 1914 1249 2055 in opus est illi adiutorium. A
72 2011 1241 2185 Et de substantia sua, et de filijs
76 2157 1274 2313 sujs, et de nuptijs votum faciens
85 2278 1245 2454 inqujrit. B. Non erubescit lo
96 2388 1225 2568 quj cum illo, quj sine anjma
79 2507 1264 2690 est: et pro sanjtate quidem in
77 2643 1242 2824 firmum deprecatur, et pro vi
67 2785 1266 2940 ta rogat mortuum, et in ad
82 2919 1267 3051 iutorium in vtilem inuocat.
85 3048 1263 3214 et pro itinere petit ab eo quj
78 3177 1280 3325 ambulare non potest: et de ac
86 3303 1264 3487 qujrendo, et de operando, et
89 3419 1234 3592 de omnjum rerum euentu
84 3558 1265 3736 petit ab eo quj in omnjbus est
80 3668 436 3798 in utilis.
2266 113 2515 222 fo. 26.
1682 1159 1760 1282 uj
1479 1254 1742 1386 sexti
1402 1379 1465 1549 ll
2305 1690 2433 1820 atai
1342 1901 2521 2026 A. Jn iquac vel oqujquetz iteouh: njmā
1362 2003 2486 2133 ixpan tlamana, ixpan monacazte
1360 2063 2512 2223 quj, mjço, qujtlatlauhtia: ivic mone
1353 2174 2501 2303 toltia, ixpan choca, tlamaceoa qujtla
1345 2251 2498 2405 njlia, yn jtech monequj. B. Jnjn tla
1344 2340 2537 2474 teutocanipul, amo pinaoa in qujnotza,
1340 2440 2517 2610 in qujtlatlauhtia, yn amo tlacaquj, in
1340 2553 2498 2701 amo tlachia, yn amo iuli, yn atle y
1342 2657 2547 2806 anjma: auh yn ipampa inic patiz, quj
1356 2728 2514 2872 tlatlauhtia in cueuxquj: auh injpā
1355 2835 2522 2990 pa nemjliztli, qujtlatlauhtia in mic
1350 2939 2534 3092 quj: yoan qujtlatlauhtia yn atle yne
1355 3052 2497 3202 coca, ynjc qujpaleuiz: auh qujtla
1360 3146 2509 3284 tlauhtia, ynjc vel nenemiz, qujtla
1349 3261 2523 3401 tlauhtia yn auel nenemj: auh in
1361 3365 2524 3500 ie muchi, yn jtech monequj, qujtla
1350 3473 2497 3607 njlia, in atle quipia, yn atle vel
1356 3587 2219 3728 qujtemaca içan quaujtl.
