2504 4036
298 41 871 223 de la fiesta.
72 229 1114 362 ces, y echauanlos sobre el petate
76 318 1082 439 delante de las viejas: y luego
76 398 1118 526 cada vna, daua asu hijo, a algu
67 490 1093 617 na de aquellas viejas: y la vie
69 576 1100 716 ja que le tomaua brincauale
71 650 1100 802 en los bracos: y hecho esto, da
76 740 1094 865 uan los asus madres, yuanse
78 842 1119 957 asus casas. Esto començaua a
51 916 1124 1066 la mañana, y acabaua ala
58 992 1133 1165 hora, de comer: los tamales to
77 1106 1131 1257 mauan las viejas, para su co
75 1186 1128 1328 mer. Al onzeno dia deste mes,
68 1302 1150 1429 yuan ahazer vna caça, a aque
68 1383 1137 1544 lla sierra, que esta ensima
71 1467 1112 1637 de atlacujoaian: y esta era
72 1576 1132 1741 fiesta por si, de manera que
81 1666 1133 1812 en este mes, auja dos fiestas
74 1768 1108 1927 la que esta dicho, y lo que
83 1866 1108 2020 comjenca esta montana, o
93 1962 1127 2102 ladera donde yuan acacar,
88 2038 1163 2196 llamauan cacatepec: y llama
90 2141 1136 2314 mauanle tambien y xillan
92 2246 1167 2379 tonan. El dia que llegauan a
108 2324 1141 2473 esta ladera, descansauan a
112 2419 1130 2582 lli, aquella noche, en sus ca
96 2481 1166 2649 bañas de heno: hazian hogue
98 2584 1147 2781 ras, para dormjr aquella no
99 2677 1147 2867 che. CA diez dias, del mes arri
83 2788 1130 2940 ba dicho, nazian fiesta, al di
87 2883 1111 3040 os de los otomjes: llamado,
94 2988 1128 3139 mixcoatl, enel modo que se
106 3088 1135 3227 sigue). Otro dia de manana
104 3154 1169 3305 al morcauan todos, aujendo al
91 3257 1133 3382 morcado, aderecauanse todos,
75 3354 1148 3494 para la caça: cinjan sus mātas
84 3440 1132 3596 alos lomos, y ponjanse todos
86 3544 1150 3683 en ala: no solamente los me
78 3620 1130 3749 xicanos, yuan aesta caca, pe
84 3705 1189 3850 ero tambien, los de quauhtitlan,
1386 34 1864 197 Quecholli.
2175 73 2425 199 fo. 80.
1182 220 2341 367 njtotia in mac: njmā ic qujmō
1179 328 2381 494 maça, in tenanoan, moqujmo
1178 453 2362 612 Jnjtotilique ipilhoan: njma
1189 569 2324 736 iciatimanj in inchachan, oc
1172 696 2323 875 io oatianco in peoaia. Auh in
1181 808 2327 980 ietlaqualizpan mnecaoalo:
1198 932 2342 1092 auhin ie iuhquj, njman iecvi
1194 1037 2336 1217 loa mamjoaz, vmpa tlamatti
1208 1129 2373 1334 vi in çacatepec, vmpa mjxillā
1196 1245 2375 1433 tonan. Auh mjmatlacioc metz
1202 1346 2353 1595 tli y, i tlacpac omoteneut: vn
1202 1509 2354 1696 can qujlhujqujoctiliaia, in i
1204 1614 2346 1808 teouh otomj: i mjtoaca Mioc:
1211 1760 2347 1937 coatl mjpanjn moceneoaz,
1203 1844 2403 2039 Auh monaxioac i vmpa çaca
1205 1967 2390 2171 tepec aia tlemuchioaia, canoc
1221 2087 2383 2302 qujxqujcti haaxioa, nexaxa
1222 2197 2374 2378 caltilo, in vnçan cocochioa, tla
1221 2321 2373 2500 tlatlatilo, neezzcolo. Auhmo
1225 2436 2372 2626 tlatvic, njman ieic tlaclaqua
1222 2538 2346 2720 lo, aaflioa: njmā ieic necti
1229 2678 2362 2848 chioalo, nehaapanalo: mecvi
1227 2783 2407 2981 loa, netecpanalo, nevipanolo:
1234 2890 2393 3101 uchqujn mecatl motilinja, a
1230 3018 2387 3214 can cotonj: muchitlacatl mmj
1217 3127 2387 3354 uh, qujniaoaloa mjxqujcti
1229 3272 2420 3459 tin mamaca in coiotl, intodr
1223 3401 2393 3587 tli, in citli: canjdian impan
1249 3533 2402 3722 ommonamjquj. Auh movel
1247 3671 2389 3841 impan ommonamjc mecte
