2500 3934
315 59 873 208 de la fiesta
67 233 1049 366 mauanle, in ilnaoatl: este hom
64 311 1101 462 bre era ymagen de las culebras,
42 381 1059 526 yuan adereçados, con coronas
71 469 1064 615 de papel: y todos los papeles,
67 544 1076 699 conque yuan adereçados, yua
69 634 1076 774 muy manchados, con vlli derre
59 716 1067 854 tido: el mjsmo ataujo, lleua
62 815 1088 945 ua el hombre, que llamauan
68 910 1053 1007 milnaoatl, que era ymagen
66 972 1097 1105 de las culebras. A estas muge
79 1065 1070 1208 res, y aeste hombre, lleuaua
59 1162 1100 1282 los enliteras: llamauase pazeo
65 1238 1097 1385 de literas: trayan los como en
57 1323 1079 1473 pro cesion, lleuauanlos en los
75 1407 1100 1542 hombros: hombres, y mugeres,
50 1495 1064 1630 yuan cantando conellos, los
48 1588 1058 1724 que lleuauan las literas, o
69 1667 1060 1832 andas: yuan muy bien ade
77 1754 1063 1917 reçados, las mugeres con sus
64 1850 1072 2014 naoas, y vipiles labrados: y
84 1931 1097 2088 afeytadas las caras. Venjda
78 2040 1070 2170 la hora, del sacrificio, ponj
93 2124 1088 2263 an en las literas, alas muge
91 2206 1079 2360 res, y al hombre, que auja
103 2295 1078 2450 de morir: y subian los alo al
96 2380 1088 2549 todel cu, y desque est auan
87 2461 1102 2617 arriba, sacauanlos de las le
75 2570 1115 2694 teras, y vno a vno, echauā
62 2647 1110 2789 los sobre el taxon de piedra:
46 2741 1088 2884 Y abrianlos los pechos, con el
59 2837 1127 2975 pedernal, sacauanlos el cora
74 2914 1108 3068 con, y ofrecianlos al dios tla
65 3006 1101 3168 loc: luego descendian, los cu
79 3105 1090 3252 erpos, trayendo los rodando
67 3181 1131 3364 por las gradas abaxo, poco apo
73 3288 1129 3436 co, tenjendolos con las manos
35 3382 1101 3521 Y llegando abaxo, lleuauanlos,
67 3468 1109 3607 al lugar, donde espetauan,
66 3561 1129 3678 las cabeças: alli los cortauan
69 3630 1165 3767 las cabeças, y las espectauan por
1373 12 1935 190 Tepeilhujtl.
2159 53 2414 189 fo. E
1137 210 2220 378 chtica: moteneoa, qujntlatla
1139 335 2272 489 pechvia, yn can mamantivi, in
1147 457 2250 618 can vicativi in tlapectico, qujn
1152 576 2224 718 tlatlaiaoalochtia: çan no cioa
1152 702 2301 860 mtlanapaloa, qujn cujcatitivi:
1152 797 2260 961 auh in tlanapaloa, vel mocen
1175 912 2254 1067 caoa, iecçan moquetza, mochi
1154 1024 2279 1207 ian eujc, m itachqujtlaliaia,
1163 1143 2291 1289 in icue, m mvipil, yoā moxa
1165 1255 2254 1422 oa, mopotonja. Auh motlam
1155 1349 2285 1520 mafic mieiquac mjqujzque: nj
1165 1497 2338 1650 mā ie ic qujtaca in tlapechtli: mec
1161 1602 2286 1743 tetlecavilo, qujmooncavitivi
1172 1706 2284 1872 m vmpa tlalocan. Auh moquj
1175 1806 2254 1964 monaxitique, meequjmoteca
1180 1906 2303 2049 in techcac: mec oalmoquetzam
1168 2026 2290 2166 tequjpaneque, in temjctianj: nj
1173 2124 2272 2303 mā ie ic qujmeltetequj. Auh in
1176 2246 2307 2403 ontlaçotique, i ommjcque: nj
1185 2356 2327 2518 marequjn oaltemovia: auh ijc
1181 2455 2275 2625 qujn oael temovia, çan qujnōcu
1176 2563 2311 2748 mjmjlotivi, cenca can quemach,
1170 2672 2324 2845 in qujneuecueptivitze. Auh ino
1183 2804 2368 2963 qujntemovico: njmā vmpa qujn
1194 2923 2311 3071 vica, itzompantitlan: auh mo
1189 2996 2333 3170 qujmonaxitique: njmā ic qujn
1173 3136 2273 3285 quectitequj, qujnquech coto
1183 3261 2312 3403 na: vnca qujmo coco iitzon
1188 3345 2277 3518 toco. Auh moqujmo queeh co
1179 3481 2327 3652 tonque, mn intlac: njmā ie quj
1209 3583 2310 3743 vica in incacalpolco: auh mj
