2586 4062
497 115 1006 334 de la anfe
26 323 1168 477 manera dezian: de las mu
15 420 1173 584 geres: que nacian: en este ligno,
24 527 1181 680 y para remediar el mal de los
13 607 1172 800 que nacian en estos dias: los
36 689 1201 908 adiujnos que entendian en es
34 788 1189 1004 ta arte: mandauan que fuej
34 919 1180 1083 sen baptizados, en la septima
43 1005 1203 1208 casa deste signo: que se llama
43 1106 1186 1323 chiconqujavitl, baptizandole
41 1242 1169 1445 enesta casa, dezian: que se
50 1339 1215 1532 remediaua el maldel dia, en
45 1442 1201 1656 que auja nacido, y cobrauan
46 1540 1209 1775 la buena fortuna: porque de
56 1639 1182 1899 zian, que esta casa de chicon
63 1777 1174 1983 qujavitl: era casa clemente.
53 1890 1181 2130 Tlos que nacian en esta casa:
61 2014 1190 2235 luego los baptizauan et mij
77 2125 1222 2342 mo dia, de la mesma calidad
64 2231 1184 2445 dezian: ser la casa que sesi
50 2326 1190 2540 çue, que es: chicuei suchitl:
50 2464 1226 2675 Pa octaua casa deste signo: se
69 2586 1214 2750 llama chicuei suchitl, dezian.
63 2672 1235 2877 que exan bien acondicionados,
77 2792 1209 2990 Los que nacian en ella: luego
59 2912 1264 3093 se baptizauan el mjsmo dia, que
72 3000 1208 3210 era nguena casa, que se lla
76 3071 1250 3311 maua: chicunavi cipactli: la
71 3186 1214 3424 tenjan pormal afortunada.
62 3308 1204 3530 Los que en esta casa nacian
71 3415 1218 3630 dezian, que eran mal acon
90 3536 1198 3744 dicionados, y reboltosos,  a
73 3619 1210 3826 mjgos, derines, y sembrado
99 3759 1204 3946 res de discordias, y mentiro
1345 51 2470 256 adiujnatoria. fo2.
1255 253 2396 410 in tlaaca ipan otlacat izqujlhujtl
1254 369 2420 529 oc conchololtiaia, qujchielticaa meti
1263 487 2382 648 conqujauitl: qujnjquac calticua, in
1259 587 2400 799 iequjtocamacazque, ipamja ie quj
1258 658 2413 865 patia mjtonal, vncan qujieccaquix
1263 768 2373 963 tia, ieccan qujca, chicoqualtia, ic co
1238 900 2431 1087 njttilia, macocaitlailhiujl, mmāceoal,
1258 1025 2391 1189 muchioatiuh in tlancmjz, in tlauel
1262 1141 2412 1324 oapaoaz, in tlauelmoquetzaz: ipam
1265 1237 2468 1432 pa oc vncan in chiçomatl qujtlaliaia,
1255 1325 2418 1532 vel qujtemachiaia in chicon qujavitl
1274 1458 2389 1669 qujtoaca: ca qualli tonalli, icnooa,
1271 1562 2391 1753 teicnoittanj, tetlaocolianj, maqujn
1274 1686 2376 1874 vel ipan tlacatia, tlacnopiltujanj
1269 1792 2412 2007 muchioaia, iuhqujn ipantzetzeliui,
1259 1932 2425 2112 iuhqujn ipan pipixauj, iuhqujn mo
1265 2022 2436 2218 toloca ilhujt, imaceoal, icnopel, mj
1271 2158 2403 2358 toa: ca nel iuhquj, itonal in chiçon
1280 2253 2438 2460 qujavitl. Auh m aqujn ipan tla
1288 2392 2451 2563 catia, çan niman iquac maltia, quj
1284 2507 2420 2699 tocamaca, aocmo concholaltza, aoc.
1279 2635 2454 2806 moqujtlatviltia, aocmo connechca
1290 2747 2408 2899 tlaca: auh tel noiuihquj mjmoztla
1291 2816 2432 3018 çoc qujtztica, in qujtoqujutica. Chi
1284 2970 2463 3144 cuey suchitl: iuhqujtoaia noqualli,
1286 3094 2422 3304 Otlaaca ipan tlacatia: çannjman
1286 3234 2416 3397 noiquac caltiaua, qujtocamacaia,
1282 3315 2410 3544 ipampa iuhqujemoaia, y, iehoatl
1282 3447 2430 3647 qujmacacia ioallatoqujlia chicu
1284 3587 2440 3732 nanvi cipacth: iuh qujtocua njman
1285 3678 2403 3865 amo qualli, omotlacacemelle, mot
2331 3838 2450 3957 rbi
