1950 2718
411 -8 661 96 libro. 1.
89 123 968 217 man copalli, y leña para el fuego: enque se
95 186 949 291 auja de quemar, el copalli.Y si el pe
99 241 950 363 njtente, era persona principal, o pues
100 317 945 415 ta en dignidad: el satrapa, yua asu
94 383 953 471 casa, para confessarle: o por uentura,
106 451 967 551 el penitente, aunque fuesse principal:
82 509 958 632 yua asu casa del satrapa. llegado, ba
92 579 972 680 rria muy bien, el lugar: donde se auja
99 660 950 747 de tender, el petate nueuo: para po
101 712 955 829 nerse sobre el confessor. Y luego encen
111 792 947 912 dian fuego, y echaua el copal, enel
99 852 959 977 fuego, el satrapa: y hablaua al fuego,
103 928 959 1030 deziale. Vos señor, que soys el padre, y
109 983 959 1100 la madre de los dioses: y soys el mas an
115 1058 972 1178 tiguo dios. Sabed que es venjdo aquj, es
117 1119 961 1215 te Vr̄o vasallo, este vr̄o sieruo: y vie
116 1173 984 1282 ne llorando, viene con gran tristeza, y vie
120 1236 962 1365 ne con gran dolo. Y esto es, porque se co
124 1299 960 1407 noce, auer errado, auer resbalado, y
121 1366 976 1474 tropeçado, y en contrado, con algunas su
117 1432 975 1542 ziedades, de pecados: y con algunos gra
131 1478 973 1588 ues delictos, dignos de muerte: y desto
95 1537 973 1649 viene muy penado, y fatigado. Señor
132 1595 976 1713 nr̄o, muy piadoso: pues que soys am
135 1661 962 1781 parador, y defensor de todos: recebid
135 1730 959 1849 apeñitencia, oyd la angustia: deste,
120 1777 980 1914 vr̄o siexuo, y vasallo. Acabada esta
126 1849 976 1971 oracion, el satrapa bolujase, al penjtē
136 1910 971 2035 te: y hablauale desta manera. hijo
139 1971 992 2080 has venjdo, ala presencia, del dios fauo
134 2017 975 2162 recedor y amparador, de todos. Venjs
135 2106 965 2204 te, apublicarle, tus interiores hedo
143 2143 991 2280 res, y pudredumbres: vienes a abrirle,
129 2218 975 2338 los secretos, de tu coraçon: mjra que
134 2290 982 2398 no te despeñas, mjra que note desba
137 2356 1011 2475 rranques, mjntiendo en su presencia,
131 2422 979 2530 de nuestro señor: desnudate, hecha fue
143 2478 961 2589 ra, todas tus verguenças, en presencia
147 2548 971 2661 de nr̄o señor: el qual se llama, ioalli, e
140 2599 983 2702 hecatl: esto es, tezcatlipuca. Es cierto, que
1157 -2 1575 94 de los dioses
1024 119 1887 232 to mojolmelaoaz in tlapilchioa
1015 194 1865 301 le: achto qujtlacaqujtia, intla
1022 268 1851 391 pouhquj, qujlhuja. Ca ytech
1025 360 1880 465 tzinco njnaxitiznequj, yntla
1020 438 1865 549 catl, yn totecujo, in tloque
1017 534 1861 645 naoaque: in totecujo, yioalli,
1024 608 1871 745 yn ehecatl, ytoptzin, ypetla
1023 699 1872 831 caltzin, njcnottitiliznequj. Qujl
1023 797 1856 903 huja in tlapouhquj: otimotlac
1030 884 1851 1016 nelili: qujnaoatia, yn iqujn
1024 981 1881 1103 oallaz: qujpepena in tonalli, quj
1026 1065 1844 1208 tta yn jamux, yn jtlacujlol:
1026 1168 1880 1294 qujtta, yn iqujn qualli tonalli
1029 1260 1857 1373 yn ieccan, in qualcan: mjtoa,
1034 1333 1866 1465 qujtonalpepenja. Auh yn iey
1028 1426 1869 1565 quac, in ie ynaoatilpan, iancujc pe
1027 1539 1831 1635 tlatl quicoa: yoan copalli, yoan
1031 1602 1872 1731 quaujtl: yn tlamauizti intla
1027 1679 1880 1819 maceuhquj, çan ichan ynmo
1027 1792 1845 1887 iolmelaoa, ie vmpa iauh in
1034 1872 1853 1986 tlapouhquj. Auh anoce te
1033 1951 1880 2066 ujc iauh, in tlamaceuhquj: ian
1035 2029 1875 2172 cujc petlatl in moteca, vellach
1029 2124 1870 2248 pano yn vncan motlalia; yoan
1033 2201 1856 2317 tletlalilo: njman copalli con
1038 2270 1835 2405 tema in tleco in tlapouhquj,
1031 2364 1834 2507 qujnotza in tletl: qujlhuja.
1049 2453 1870 2578 Teteu ynnan, teteu inta, ve
1033 2541 1864 2644 ue teutl, njcan oallatia in cuj
