2574 4084
354 23 922 216 dela fiesta,
39 240 1134 418 vna casa, y griardauanlos congeā
38 352 1133 489 diligencia: y alos hombres atauā
33 416 1117 567 vnas sogas, por medio del cuerpo,
23 506 1109 641 y quando salian aorinar, los que
35 594 1092 745 los guardauan, tenjan los por la
42 678 1112 844 soga, porque no se huyesen. Ylle
41 774 1109 934 gada la media noche, cortauālos
54 875 1097 1026 los cabellos de la coronjlla de la
60 988 1094 1091 cabeça, delante del fuego, pa
42 1075 1107 1207 ra guardar por reliqujas: auj
39 1151 1145 1310 endo los cortado los cabellos, echa
50 1241 1104 1377 uanlos vna bilma, en todala
60 1354 1089 1490 cabeça, con resina, y plumas
46 1442 1137 1583 de oallina blanca: asi a los hom
47 1550 1088 1694 bres, como alas mugeres. En
59 1652 1088 1811 aquella noche nadie dormja:
48 1719 1117 1925 luego quemauan sus hatillos
55 1830 1120 1996 y alhajas, alli enel calpulco: y
62 1965 1098 2106 aujendo los quemado, torna
76 2042 1110 2220 van otra vez, a encerrar: algu
81 2169 1097 2303 ños dellos, no quemauan sus
78 2252 1106 2385 batos, sino los dauan de gra
89 2333 1094 2508 cia sus parientes. Y luego en
93 2444 1098 2595 amanesciendo, componjan, a
74 2541 1088 2716 los que aujan de morir, con
75 2628 1093 2800 sus papeles: y luego los lleua
75 2735 1094 2913 uan, en procesion, al lugar,
74 2853 1096 2992 donde aujan demorir: yuā
67 2911 1122 3118 baylando, y cantando hasta
62 3036 1114 3204 el cu, y dauan muy grandes
77 3138 1119 3240 vozes. Este canto, y este bay
76 3216 1113 3377 le, duraua hasta despues de
65 3323 1094 3455 medio dia: y passando el me
81 3403 1090 3557 dio dia, luego baxaua del cu
80 3496 1103 3639 vn satrapa, vestido con los or
77 3593 1098 3733 tramentos del dios paynal: y
71 3684 1091 3832 passaua por delante, de los q
76 3775 1144 3903 aujan de morir: y luego torna
99 3855 1121 3990 ua asubir al cu: y luego los cap
1455 -6 1841 194 Izcalli.
2240 61 2533 207 fo. 100.
1177 240 2408 402 pipia: moqujchtin qujnxillā:
1165 324 2426 510 mecaiotia, mjquac maxixa
1184 474 2448 631 qujntitilinjtivi. Auh moacce
1159 583 2409 750 io oalnepantla: njmā ie ic te
1162 718 2437 866 tzoncujoa, qujntzoncuj: mjuh
1168 830 2446 1021 omjto, mjuh omoteneuh: auh
1160 969 2412 1134 montetzoncujoac: njmā ie ic
1177 1071 2445 1233 tepotonjlo, noqujnpotonja in
1177 1189 2449 1376 cioa: auh mjuh ceiooal, aocac
1178 1336 2502 1479 ma ontlaça cochi in ttapixque.
1177 1451 2433 1619 Atuh motlavizcalli moquetz,
1180 1586 2449 1740 mietlatlalchipaoa: njmā iosc
1179 1700 2483 1858 motlatlatlatilias mjuh omjto,
1185 1809 2383 1970 mommotlatlatlatilique: nj
1195 1936 2429 2107 ma ieic nocappa calaquj in in
1159 2078 2392 2201 reian: auh imaca amo qujmo
1175 2173 2404 2358 tlatlatilia mj axca, canqujte
1163 2286 2400 2479 tlauhtia, çan qujtemamaca.
1195 2447 2424 2574 Auh mo tlat vie, njma ic no cep
1162 2553 2408 2712 pa techichioalo: njmā ie icvi
1171 2663 2436 2849 in vmpa mjqujzque, motecpa
1171 2791 2423 2950 na: monacique vmpa mjqujz
1166 2939 2450 3070 que: njma ie ic mjtotia, moccij
1174 3039 2452 3189 caellaquaoa: omacti in tozquj
1175 3156 2414 3335 tzatzacan, omach ihiçaoaca
1173 3261 2392 3429 que: auh in ie ommotzcaloa
1173 3403 2458 3557 tonateuh; njma ieic oaltemo
1176 3523 2429 3706 in Paynal, qujn oaliacana,
1167 3676 2477 3824 iacattivi in mamalti, in impa
1190 3785 2437 3938 vechoan muchioa: i ommjc
