2524 4064
1143 32 1600 264 Apendiz
168 228 1374 385 al rio: porque dizque, dezia el perro
1414 252 2462 421 quil in aqujnoquicato ivic pu
174 330 1312 479 de pelo blanco; yo me llaue. yel
1432 375 2466 536 lachia inchichi auh in oqua
153 432 1377 573 perro de pelo negro dezia. Yo me he
180 511 1323 661 manchado, de color prieto, y por
1417 493 2471 673 oalixima yn tecujo njman
165 607 1331 766 esso no puedo pasaros: solamente
1420 612 2465 787 ieic oalmomaiavi in atlatl
169 709 1290 835 el perro, de pelo bermejo, podia
1407 763 2474 938 injc quipananiz yn itecujo,
159 823 1352 941 bien pasar acuestas a los defunctos.
182 898 1286 1044 Jansi en este lugar del ynfierno
1423 881 2467 1059 ipampa in njcantlaca cenio
151 1014 1349 1148 que se llama chicunamjctla, se aca
1392 1006 2498 1165 qujn nemjtiaia in chichitla,
151 1082 1330 1216 bauan, y fenescian, los defunctos.
1417 1133 2483 1317 auh quil imiztac chichi, otla
138 1177 1318 1341 Jmas dizen, que despues de auer
151 1280 1276 1409 amortajado al defuncto, con los
1402 1269 2470 1436 intiltic, intlilca qujl auvel te
151 1373 1306 1515 dichos aparejos de papeles, y otras
1386 1390 2476 1580 panama yn mjctlan, qujliza
146 1487 1299 1603 cosas, luego matauan al perro
1387 1536 2472 1717 toa in iztac ca quinononnota
148 1546 1294 1676 del defuncto esrrambos los lleua
157 1661 1310 1790 uan, a vn lugar, donde auja de
1369 1655 2461 1842 paquili. auh intlilca qujtoo
141 1757 1300 1885 ser quemado, conel perro iunta
1379 1845 2466 1995 ca quinononnoçac, cauieyio
136 1858 1325 1979 mente : y dos delos viejos, tenjan
126 1934 1277 2076 especial cujdado y cargo, de que
1387 1954 2467 2113 in coci veltepanacvia, auh tia
124 2046 1257 2172 mar al defuncto, y otros viejos
1375 2079 2476 2233 vncan chicuna mjctlan viaa
120 2154 1282 2273 cantauan: y estandose queman
116 2249 1306 2372 do el defuncto, los dichos dos viejos
1381 2189 2478 2390 ocempopoliooa. Auh in ioulhi
118 2349 1264 2462 con palos estauan alanceando al
1364 2358 2460 2533 qui yn oquicencauhque, njntca
120 2443 1250 2574 defuncto. J despues de auex que
1366 2477 2452 2667 ie quivica in tleco, yoan in etra
127 2537 1273 2652 mado el defunto, cogian la cenj
112 2638 1258 2773 za, y carbon, y huesos del defun
1350 2597 2438 2823 ton achto conmjcha, nj tla
94 2729 1254 2872 to: y tomauan agua diziendo.
1347 2753 2437 2948 ie ic tlatla, cenca quimocuica
92 2825 1217 2965 la vese el defuncto, y derrama
1356 2884 2431 3065 via in tlalhoaque vmentit
102 2937 1264 3067 uan el agua, encima del carbon,
96 3038 1288 3172 y huessos del defuncto: y hazian
1357 2990 2449 3198 auh in cequjntin tlalhoaque
89 3153 1226 3273 vn hoyo redondo, y lo enterra
1357 3095 2472 3316 cuicatoque. auh imquac iuja
98 3219 1270 3371 uan. J esto hazian, ansi en el en
1342 3248 2468 3433 ta in acaio cenca qujmoculti
87 3309 1251 3437 terramjento de los nobles, como
1339 3390 2450 3553 via quixixiltinemj, auh into
90 3430 1248 3546 de la gente baxa: y ponjan los
91 3548 1240 3669 huessos, dentro de vn larro, o
1337 3518 2467 3671 nacaio, tzotzoioca, cuecuozo
89 3639 1271 3771 olla, con vna predra verde, que
1344 3655 2463 3814 ca, yoan tzoiaia: auh in iujla
101 3723 1195 3840 se llama chalchiujtl: y lo en te
99 3821 1244 3939 rrauan, en vna camara de su
1339 3796 2450 3969 quj in ocontlacique, njma tota
