2658 4192
282 67 846 266 de la fiesta
90 263 1182 406 como vnos arboles, de que salian
83 359 1183 489 vnas ramas, labradas de hilo, y
82 459 1186 591 pluma, con vnas flores en los re
72 545 1192 709 mates, que salian de vnos basi
85 639 1179 800 tos, de cuero de tigre: otros lle
88 731 1192 913 uauan, otros pumajes, de o
81 847 1195 1017 tras maneras: vnos que llama
72 951 1192 1129 uan xiloxochiquetzalli, otiosque
81 1062 1202 1198 llamauan aztaxelli: otros lleua
77 1167 1213 1314 uan vnos plumajes, que llamauan
87 1262 1197 1396 quatototl, otros lleuauan vnos plu
83 1365 1203 1518 majes, hechos de su mano, de diuer
84 1463 1179 1596 sas colores, enlos pies: algunos lle
96 1556 1221 1696 uauan atados alpie izqujerdo pes
84 1652 1200 1790 cuños de cieruos, atados con vnas
93 1735 1217 1907 correas de cieruo delgadas. Yuan
84 1853 1220 2020 todos enbixadas las caras, de diuer
82 1950 1193 2082 sas maneras: vnos con tinta ne
85 2047 1220 2202 gra, hazian en los carrillos vnas
93 2157 1219 2297 roedas negras, y en la frente vna
105 2257 1236 2379 raya, tambien de tinta negra, que
99 2337 1235 2431 toma de sien asien: sobre la tinta
95 2428 1237 2552 hech auan marcaxita Otros ponjan
106 2540 1213 2687 vna raya, de tinta negra, desde
105 2609 1196 2745 la vna oreja, hasta la otra por
83 2712 1173 2848 la frente: tambien hechauan,
97 2802 1172 2941 marcaxita. Otros hechauan
91 2882 1223 3050 vna raya de tinta, desde la pun
107 3008 1217 3131 ta de la oreja, hasta la boca, con
99 3098 1212 3228 su marcaxita: Todos ellos lleua
88 3196 1194 3324 uan cortados los cabellos de vna
103 3320 1210 3428 manexa, hazia las sienes rapa
88 3390 1183 3518 dos a nauaja en la frente, vn
88 3464 1220 3624 poco largos los cabellos, y todo lo
94 3577 1189 3706 delantero de la cabeça, escarra
77 3672 1216 3787 pocados hazia arriba, por todo el
80 3758 1209 3912 cogote, lleuauan colgados, cabellos
74 3849 1276 4022 largos, que colgauan hasta las espal
1425 41 2125 240 vei tecujlhujtl
2357 105 2620 253 fo. 53
1311 242 2483 388 cujxtli. Auh in cequjntin, xilo
1286 362 2493 526 xochiquetzalli in conquetza, in cē
1296 471 2488 653 qujntin aztaxelli, in cequjntin
1294 601 2505 759 quatototl in conquetza, in cequjn
1281 718 2519 866 ti yn tlatlachichioalquetzal. Auh
1301 831 2486 974 yn imicxic ymopuchcopa incō
1299 934 2504 1094 tlaliaia chocholli, vel iehoatl in
1300 1052 2475 1205 maca chocholli: auh ynjmeca
1300 1174 2472 1340 io, can no iehoatl yn maçae
1295 1296 2437 1470 oatl, tlapitzaoacatectli, tlapi
1288 1420 2486 1583 tzaoacaxotlalli. Auh ynic mj
1293 1552 2492 1722 chioaia, mjiec tlamantli, cequj
1287 1675 2511 1811 tin tlilli in camapan contlali
1298 1801 2500 1960 aia, itoca tlilcamanexcomjtl,
1308 1933 2494 2077 capetzujaia: auh in cequjntin
1310 2028 2496 2205 ymixquac qujujca in tlilli, in
1299 2167 2482 2356 nacaztitlan conaxitia, moto
1307 2276 2521 2455 caiotia tliltzotl no capetzujaia.
1306 2400 2484 2578 auh in cequjntin imixtlan ca
1299 2545 2486 2694 ana tlilli: itoca aujtolli, noca
1292 2668 2497 2832 petzuja. Auh ynic moxima
1297 2780 2501 2904 ia muchintin motiachcauhxi
1296 2891 2472 3027 maia, cenuetzia in motiach ca
1293 2998 2497 3146 uhximaia: yoan yn incanaoa
1306 3103 2482 3256 can qujconaloaia, vel qujcoco
1290 3199 2503 3366 naloaia, vel caiochiquja: yoā
1311 3325 2498 3470 qujtecocanujaia, qujtomjiol
1293 3438 2500 3587 hujaia. Auh in ie iuhquj yn i
1300 3544 2472 3684 quac iemjtotia, tlepilli, ocopi
1296 3650 2484 3795 lli, qujniacana tlatlatiuh, cue
1298 3745 2513 3867 cuetlacatiuh, cocomocatiuh: auh
1307 3838 2528 3989 in qujnapaloa telpuchtequjoaque
