2486 4060
1203 84 1677 272 Apen diz,
1447 225 2434 469 Nican vmpeoa
219 209 1356 517 Comiença el apē
1458 337 2434 595 anca, injc Ey amodia
196 458 1360 638 diz, del libro texcexo
1438 512 2440 720 toca apenauz in jtechia
219 654 268 743 C
1434 676 2444 862 coa in jmanjmaoa inta
718 736 877 934 iē.
1425 798 2447 1027 que, yoan occequj inla
207 1008 535 1156 e.
1429 954 2440 1126 ecoltiloca, in tlatatocua
1424 1115 2443 1339 Jnjc cecapitulo: itechpoā
183 1154 1354 1352 Capitulo primero de los
1431 1278 2442 1477 toa ym manjman in mtia
184 1299 1315 1532 que yuan al infierno, y
1425 1410 2435 1608 in vmpavia mjctlan, y
177 1443 983 1631 de sus obsequjas.
1419 1562 2170 1733 in quenjntocoia.
194 1682 1346 1875 Lo que dixeron, y supieron los na
1427 1704 2438 1928 Jnjuh qujmatia inncantla
170 1845 1333 1960 turales antiguos, y señores, desta ti
1408 1824 2444 2057 in vevetque, yoan in tlatoulia
164 1927 1334 2068 erra, de los de functos, que se mori
157 2033 1330 2166 an: es, que las anjmas de los defun
1416 2019 2431 2202 cainjxqujchtin miquja, c
163 2144 1318 2252 tos, yuan avna de tres partes. La
1414 2096 2431 2335 can invi, yn iquac miquiz.
153 2209 1311 2320 vna es el infierno, donde estaua, y
151 2341 1289 2457 biuja vn diablo, que se dezia mjc
1406 2281 2432 2464 ceccan vmpa in mjctlat, io
151 2422 1315 2556 tlan teçutli: y por otro nombre tzon
1390 2391 2432 2614 in vncan mjctlan vncan pa
136 2507 1282 2628 temoc: y vna diosa, que se dezia,
1384 2554 2386 2737 vncan ca mjctlanteculin
142 2612 1295 2752 Mictecacioatl, que era muger de
139 2712 1289 2834 Mietlan tecuni. Jlas anjmas de
1396 2648 2380 2903 co Tzontemoc, yoan ila
142 2807 1333 2943 los defunctos, que yuan al infier
1384 2813 2407 3031 teca cihoatl, yn icioauh tua
133 2928 1312 3029 no, son los que morian de emfer
130 3005 1273 3114 medad: agora fuessen señores, o
1387 2952 2425 3168 tecutli, auh in vmpa vi nla
136 3100 1310 3216 principales, o gente baxa. Y el dia
1391 3089 2434 3332 iehoantin, in jxquichtin tila
130 3184 1327 3312 que alguno se moria, varon omu
124 3251 1324 3404 ger, o muchacho dezian al defun
1388 3272 2420 3452 qui, in cancoculiztli ic mic
111 3380 1282 3473 to echado en la cama, antesque
112 3449 1301 3593 lo enterrassen. Ohijo ya aueys pa
1379 3399 2436 3600 in tlatoque, in maceoaltiua
123 3559 1273 3670 ssado, y padecido los trabajos des
1370 3482 2452 3745 in iquac miquia in oquica
121 3656 1279 3773 ta vida: y ya asido serujdlo nues
1375 3658 2450 3861 anoço cihoatl, anoço pllas
116 3753 1286 3862 tro señor de os lleuar, porque no
127 3817 1295 3950 tenemos vida permanente, eneste
1380 3802 2450 4015 auh injc quitlatlautticaujtat
