2426 4188
814 60 1618 228 libro segundo.
541 179 1897 388 La sexta decima fiesta mouible.
377 440 2022 558 Vesque los padres vian que su hijo era de edad para casarse,
393 529 1956 632 hablauanle en que le querian buscar su muger: y el res
396 588 1984 712 pondia, haziendoles gracias, por aquel cuydado, que
388 659 1986 787 tomauan de casarle: luego hablauan al principal que
398 742 1975 834 tenja caroo de todos los mancebos, que ellos llamauan
391 819 1951 915 Tel puchtlato: y dezian le cōmo querian casar suhijo
400 899 1984 986 que lo tuujesse por bueno: y para esto hazianle vn com
400 957 1986 1076 bite ael, y atodos los mancebos, que tenja asu caroo, y
388 1040 1981 1134 para esto le hazian vna platica, despues de auerle da
400 1079 2014 1191 do de comer, y de beuer ael yatodos los que tenja asu
399 1151 1981 1292 cargo: y enprincipio de la platica, ponjanle delante vna
398 1244 1967 1338 hacha de cortar madera o leña. Esta hacha era señal
388 1316 1975 1448 que aquel mancebo se despedia ya de la companja de
400 1398 1949 1493 los otros mancebos: porque le querian casar, y ansi el
398 1488 1965 1597 telpuchtlato yua contento. D espues desto determjna
398 1544 1980 1665 uan entre si los parientes la muger, que le aujan de
387 1614 1970 1737 dar, y llamauan alas casamenteras, que eran vnas
367 1732 2001 1812 Viejas honrradas, paraque fuessen a hablar alos padres
393 1759 1980 1876 de la moça, yuan dos, otres vezes, y hablauan, y bol
382 1833 1972 1978 ujan con la respuesta. Eneste tiempo los parientes de
385 1914 1952 2045 la moca se hablauan, y concertandose de darsela, da
379 1992 1952 2113 uan el si, alas casamenteras. Despues desto buscauan
385 2077 1971 2186 vn dia bien afortunado, de algun signo, bien acondicio
390 2143 1959 2267 nado, quales eran acatl oçumatli, cipactli, quauhtli, a
388 2221 1966 2326 ujendo escogido alguno destos signos: los padres del moço
394 2291 1945 2387 hazian saber alos padres de la moça el dia enque auja
393 2368 1967 2484 de hazerse el matrimonjo, y luego comencauan aapere
384 2438 1966 2563 jar las cosas necessarias, para las bodas, assi de comer
385 2520 1965 2619 como de beuer como demantas, y cañas de humo, y
384 2586 1987 2709 flores. y. Esto hecho conbidauan alos principales, y toda
374 2661 1972 2784 la otra gente, que ellos querian para las bodas. Despu
386 2744 1973 2866 es del combite, y de muchas platicas, y cerimonjas: ve
379 2811 1969 2946 njanlos de la parte del moço alleuar ala moca de par
384 2890 1972 3010 de noche, lleuauanla con gran solennjdad, acuestas
375 2969 1959 3085 de vna matrona, y con muchas hachas de teas en cē
378 3034 1952 3163 didas, endos rencles delante della, yua rodeada della
381 3118 1955 3249 mucha gente, de tras y delante. hasta que la llegauan
384 3194 1963 3302 ala casa de los padres del moço: llegada ala casa del mo
366 3252 1975 3397 ço, ponjanlos ambos, junto al hodar, que siempre le te
379 3316 1973 3454 njan, en medio de vna sala, lleno de fuego, y la mu
381 3386 1969 3531 ger estaua, ala mano izqujerda del varon: luero la
386 3477 1949 3599 madre del mancebo, vestia vn vipil muy oalano
384 3554 1953 3664 asu nuera, y ponjale junto asus pies vnas naoas
386 3620 1982 3727 muy labradas: y la hnadre de la moca, cubria covna
376 3723 1951 3794 manta, muy galana a su yerno, y atauase la sobreel
367 3793 1955 3899 hombro, y ponjale vn maxtli, muy labrado, alos pies.
366 3837 1940 3982 Hecho esto, vnas viejas, que se llaman titici, atauan
