2698 4084
2418 40 2619 192 fo2.
63 152 2517 291 fueron los de tepepulco: el segundo, los del tlatilulco: el tercero, los de mexico: y en todos estos
68 270 2531 347 escrutinjos, vuo gramaticos colegiales. El principal ymas sabio, fue antonjo valeria
69 340 2529 430 no, vezino de azcaputzalco: otro poco menos, que este fue alonso vegerano, vezino de
60 413 2554 516 quauhtitlan: otro fue martin Jacobita, de que arriba hize mencion: otro, pedro de san
58 487 2508 587 buenauentura, vezino de quauhtitlan: todos espertos entres lenguas, latina, espa
68 551 2535 647 ñola, y Jndiana. Los escriuanos, que sacaron de buena letra, todas las obras, son:
68 622 2535 734 Diego degrado, vezino del tlatilulco, del barrio de la conception. Ponifacio maximjlia
62 709 2535 819 no, vezino del tlatilulco, del barrjo de sanct martin, Matheo seuerino, vezino de
72 774 2491 881 suchimjlco, de la parte de vllac. Desque estas escrituras, estuujeron sacadas
80 845 2509 969 enblanco: con el fauor de los padres, arriba nombrados: en que se gastaron
79 921 2494 1036 hartos tomjnes, con los escriujentes: el autor dellas, de mando al padre co
74 977 2566 1097 missario, fray francisco de ribera, que se viesen, de tres, o quatro religiosos: pa
70 1046 2550 1175 raque aquellos dixessen, lo que les parecia dellas, enel capitulo proujncial,
74 1151 2530 1282 que estaua propinquo: los quales los vieron, y dieron relacion dellas, al di
85 1228 2539 1353 fini torio, en el mismo capitulo: diziendo lo que los parecia, y dixeron en el
83 1323 2568 1419 difinj torio, que eran escrituras, de mucha estima, y que deujan ser fauore
87 1375 2526 1533 cidos: paraque se acabasen. Agunos de los difinjdores les parescio, que exa
88 1458 2526 1610 contra la pobreza, gastar dineros en escriujesse aquellas escrituras: y ansi
87 1500 2567 1632 mandaron al autor, que despidiese a los escriuanos: y que el solo escriujesse de
83 1630 2580 1713 su mano, lo que qujsiese en ellas. El qual como era major de setenta años, y por
83 1680 2541 1776 temblor de la mano, no puede escreujr nada, nj se pudo al cançar dispensaci
89 1743 2503 1844 on deste mandamjento: estuujeronse las escrituras, sin hazer nada enellas:
92 1819 2535 1913 mas de cineo años. En este tiempo, enel capitulo sigujente, fue elegido por custos
75 1873 2520 2058 custodum, para el capitulo general: el padre fray miguel nauarro: y por pro
88 1948 2552 2091 ujncial tray alonso descacuna. Eneste tiempo, el autor, hizo vn sumario, de to
92 2021 2556 2207 dos los libros, y de todos los capitulos de cada libro, y los prologos: donde enbreue
89 2095 2541 2213 dad se dezia, todo lo que se contenja, en los libros. Este sumario, lleuco aespa
77 2171 2519 2305 ñia, el padre fray Miguel nauarro, y su compañero, el padre fray hieronymo
87 2249 2579 2429 de mendieta: y ansi se supo en españa, lo que estava escrito, cerca de las cosas des
96 2327 2541 2499 ta tierra. En este medio tiempo, el padre proujncial, tomo todos los libros, al di
92 2393 2582 2539 cho autor, y se esparzieron, por toda la proujncia : donde fueron vistos de mu
91 2479 2596 2605 chos religiosos, y aprouados, por muy preciosos, y prouechosos. Despues de algunos
82 2591 2596 2736 años, bolujendo de capitulo general, el padre fray Miguel nauarro: el qual vino
81 2648 2564 2786 por comissario destas partes : en censuras, torno arecoger, los dichos libros: apetici
72 2713 2577 2900 on del autor, y desque estuujeron recogidos, day aun año pocomas, o menos: vinje
76 2802 2582 2927 ron a poder del autor. Eneste tiempo, ninguna cosa se hizo enellos : nj vuo quj
83 2886 2582 3018 en fauoreciese para acabarse, de traduzir en romance: hastaque el padre co
75 2995 2560 3133 missario general, fray Rodrigo de seguera: vino aestas partes, y los vio, y se
89 3056 2567 3182 contento mucho dellos: y mando al dicho autor, que los traduxese en roman
86 3130 2606 3308 : y proueyo de todo lo necessario, paraque se escriujesen de nueuo, la lengua
79 3208 2610 3382 mexicana, en vna coluna, y el romance en la otra, para los embiar aespaña:
75 3289 2585 3438 porque los procuro, el fllustrissimo señor, don suan de guando, presidente del
67 3369 2552 3482 consejo de in dias : porque tenja noticia destos libros : por razon del sumario,
60 3442 2574 3598 que el dicho padre fray Miguel nauarro, auja lleuado aespaña, como arriba
84 3541 2617 3647 se dixo. Podo lo sobre dicho, haze al proposito, de que se entienda, que esta obra
72 3630 2604 3742 a sido examjnada, y apurada por muchos, y en muchos años, y se an passado
75 3719 2415 3856 muchos trabajos, y desgracias, hasta poner la enel estado, que agora esta.
791 3823 1543 4023 fin del prologo.
