2680 4358
451 96 863 272 ibro. 1.
35 302 1270 434 tan grandes, como vn gran melon: acada
47 387 1254 501 vna destas, partianla por la mjtad, y sa
35 458 1271 579 cavanle, lo que tenja dentro: y quedaua
50 536 1259 649 hecha, como vna taça: y henchianla del
20 606 1256 752 vino dicho, y ponjanlas, delante, de aque
47 677 1238 851 lla ymagen, o ymagines. Y dezian, que
57 778 1269 913 aquellos, eran vasos, de piedras preciosas:
46 861 1225 1038 que llaman chalchiujtl. Todas estas co
58 943 1238 1115 sas dichas, hazian los satrapas: que e
67 1042 1275 1178 ran experimentados, o estauan, señala
68 1121 1282 1280 dos, para estos sacrificios: la otra gen
59 1204 1311 1361 te, no vsauan hazer, esto: aunque fue
61 1285 1293 1479 sse, para en su casa. Despues de hechas
59 1374 1257 1550 las ymagines, aquellos, por cuyo voto,
59 1457 1299 1606 se hazian: conbidauan, a los satrapas
69 1506 1230 1716 para el qujnto dia: despues de he
81 1626 1301 1790 chas, las ymagines, se auja de hazer
76 1715 1279 1899 la fiesta. Y llegado, el qujnto dia,
93 1816 1285 1962 aquella noche, velando, cantando,
68 1905 1283 2075 y baylando: a honrra de aquellas y
85 1985 1287 2141 magines, y de los dioses, que repre
61 2050 1293 2232 sentauan. Y aquella noche, ofreziā
70 2148 1304 2319 quatro vezes, tamales: que son como
77 2210 1274 2382 vnos pastelejos redondos, hechos de
70 2300 1292 2460 mahiz: alos que cantauan, y bayla
79 2379 1296 2550 uan, que eran los trapas, que aujā
74 2456 1278 2610 hecho, estas ymagines: y otros combi
79 2537 1282 2712 dados para esta fiesta: atodos da
87 2619 1277 2779 uan comjda, quatro vezes, en aque
67 2694 1274 2859 lla noche: y todas quatro vezes, to
80 2742 1268 2984 cavan instrumentos musicales, los
66 2878 1266 3067 que ellos vsauan: que eran siluos
64 2932 1285 3145 que hazen, metiendo el dedo muñj
82 3014 1288 3221 que, en la boca: y tocando caracoles, y
62 3103 1323 3309 flautas, de las que ellos vsauan. Esto
81 3205 1245 3368 hazian, vnos mocos, juglares: que
78 3276 1319 3462 usauan, de hazer esta musica: y tam
82 3353 1305 3534 bien aestos, les dauan comjda. Esto
88 3459 1276 3590 se hazia, quatro vezes, enesta noche: en a
94 3505 1283 3674 maneciendo los satrapas, descabeçauan, a
88 3589 1292 3776 quellas ymagines, que aujan hecho dema
78 3672 1307 3859 ssa: descabeçauanlos, torciendolos las cabe
87 3744 1288 3916 ças: y tomauan, toda aquella massa, ylle
79 3843 1268 4013 uauanla, ala casa, donde estauan todos
65 3920 1301 4100 juntos, los satrapas, que se llamaua calme
77 4000 1321 4160 cac: y aquellos, por cuyo voto, se aujan he
1396 60 2066 262 de los dioses.
1346 278 2527 417 macujltica in qujntlalhujaia,
1340 402 2539 586 mjtoa: qujnmolcaoaltiaia in
1347 545 2554 695 tlamacazque: yn oiecauhque
1368 714 2568 861 tepicme, njman ie ic qujntoça
1356 821 2544 1012 viia, qujncujcatia: in ceiooal
1352 989 2537 1172 napa in qujntlamanjlia, ta
1365 1111 2580 1296 mabololli in qujnmacaia, quj
1359 1288 2590 1471 manaia ymjxpā, intlama
1367 1457 2633 1612 cazque, in tepiccujca: no napa
1369 1585 2624 1778 in qujntlamacaia ceiooal, yoan
1380 1734 2612 1946 qujntlapichiliaia, qujnmaqui
1373 1903 2592 2108 qujxiliaia, tecuciztli in qujn
1379 2031 2576 2244 pichiliaia, yoan vilacapitztli,
1377 2192 2612 2367 cocoujlotl, vilacapitzoaia, çan
1374 2334 2627 2517 telpopochti papaqujnj, haa
1380 2463 2664 2652 vienj, mihivintianj, tececemel
1391 2612 2639 2788 tianj, ceceleque, no tlamacoia.
1377 2773 2621 2959 Auh yn otlatvic njman qujnmictia
1392 2898 2654 3119 yn tepicme, qujnquechcotona, qujn
1382 3034 2593 3246 quechcuj, qujnquechilacatzoa, ça
1389 3203 2633 3389 tepan qujncemololoa, concēcuj, in
1374 3316 2581 3534 tepictzoalli, qujtquj yn calmecac
1373 3492 2545 3684 yn vmpa onoque tlamacazque.
1395 3608 2583 3787 Auh in tepiqujnj, njman ie yc
1382 3739 2628 3929 calaqujh yn itlacoanotzalhoan, ynj
1383 3909 2577 4063 cooaoan, vnean mopia, mopixto
1378 3973 2615 4169 que: auh in ie iooatiuh, in ie tevtlac
