1926 2692
121 91 1788 197 capitulo qujnto. Lo hare que venga, sobre vosotros: yo traere contra vosotros,
120 171 1786 262 vna gente muy de lexos: o ente muy robusta, y esforçada: gente muy an
111 215 1817 322 tigua, y diestra en el pelcar, g ente cuyo lenguaje no entenderas, nj jamas
118 274 1764 400 oyste, su manera de hablar: toda gente fuerte, y anjmosa, condiciosissi
120 317 1768 425 ma dematar. Esta gente os destruyra a vosotros, y a vrās mugeres, y
119 367 1789 478 hijos: y todo quanto posseys: y destruyra todos vrōs pueblos, y edificios.
108 430 1782 542 Esto ala letra a acontecido, aestos indios, con los españoles: fueron tan a
121 487 1795 587 tropellados, y destruydos, ellos y todas sus cosas: que njnguna apparen
115 564 1791 653 tia les quedo, de lo queeran antes. Ansi estan tenjdos por barbaros,
112 630 1803 734 y por gente de baxissimo qujlate : como segun verdad, en las cosas de poli
119 671 1768 771 tia, echan el pie delante, a muchas otras naciones: que tienen gran
120 736 1786 828 presuntion, de politicos : sacando fuera algunas tyranjas, que su ma
122 802 1785 869 nera de regir contenja. E nesto poco, que con gran trabajo se a rebuscado:
127 834 1782 939 parece mūcho la ventaja: que hiziera, si todo se pudiera auer En lo
124 873 1789 1000 que toca, ala antiguedad desta gente: tiene se por aueriguado, que a
116 934 1775 1045 mas de dos mjll años, que abitan enesta tierra : que agora se llama, la
125 1021 1789 1093 nueua España. Porque por sus pinturas antiguas, ay noticia: que aque
126 1076 1800 1147 lla famosa Ciudad, que se llamo tulla: aya mill años, o muy cerca dellos
130 1103 1807 1223 que fue destruyda: y antes que se edificasse, los que la edificaron, estu
126 1163 1800 1270 ujeron muchos poblados, en tullantzinco : donde dexaron muchos edifici
131 1232 1799 1316 os, muy notables : pues en lo que alli estuujeron, y en lo que tardaron en
135 1277 1835 1367 edificar, la ciudad de tulla : y enlo que duro, en su prosperidad : antesque
119 1341 1780 1451 fuesse destruyjda, es consono a verdad, que passaron, mas de mill años:
134 1390 1787 1501 de lo qual resulta, que por lo menos, qujnjentos años, antes de la encar
116 1445 1810 1555 nacion, de nr̄o de demptor: esta tierra, era poblada. Esta celebre, y orā
119 1501 1823 1612 ciudad, de tulla: muy rica, y de gente muy sabia, y muy esforçada, tu
92 1568 1808 1672 Lso la aduersa fortuna, de troya. Los chololtecas, que son los que della se
133 1627 1795 1716 escaparon : an tenjdo la succession, de los homanos : y como los Nomanos
142 1691 1791 1771 edificaron el capitolio, para su fortaleza : ansi los cholblanos, edificaron
129 1749 1789 1823 amano: aquel promontorio, que esta junto acholula, que es como vna
132 1802 1821 1897 sierra, o vn gran monte, y esta todo lleno, de mjnas, o cueuas por de den
130 1855 1792 1943 tro. Muchos años despues, los Mexicanos edificaron, la ciudad de mexico:
134 1907 1802 2020 que es otra venecia, y ellos en saber, y en pollicia, son otros venecianos. Los
125 1960 1795 2064 tlaxcaltecas, parecen a ver succedido, en la fortuna de los cartaginenses.
130 2021 1822 2122 Ay grandes señales, de las antiguallas destas gentes, como oy dia parece
131 2099 1819 2198 en tulla, y entullantzico: y en vn edificio, llamado xuchicalco: que esta
126 2140 1832 2258 enlos termjnos, de quauhnaoac. I casi entoda esta tierra, ay señales, y ras
124 2209 1811 2309 tro, de edificios, y alhajas antiqujssimos. Es cierto cosa, de grande admjra
120 2256 1823 2366 tion: que aya nr̄o señor dios, tantos siglos occultada, vna silua de tantas
127 2315 1821 2453 gentes y dolatras: cuyos frutos vberrimos, solo el demonjo los a cogido: y en
131 2371 1822 2483 el fuego infernal, los tiene atesorados. Ni puedo creer, que la yglesia de
136 2433 1813 2561 dios, no sea prospera : dodela synagoga de sathanas, tanta prosperidad
135 2490 1835 2608 a tenjdo: conforme a aquello, de sanct pablo. Abundara la gratia, adon
1564 2576 1604 2657 E
