2558 4052
356 88 896 274 dela ante
16 251 1163 448 que aquella casa mejoraua la
19 368 1155 536 uentura, de aquel que se bap
15 472 1185 632 tizaua. I dezian: que los que na
26 585 1167 742 cian en este signo: serian ngro
30 675 1175 837 manticos, o embaydores, o hechi
18 764 1176 947 zeros: y se trasfigurauan en añj
15 872 1156 1050 males, y sabian palabras: para
20 965 1180 1137 hechizar a las mugeres, y para
18 1051 1186 1244 inclinar los coracones, aloque
36 1121 1187 1356 qujsiessen: y para otros male
30 1231 1206 1467 ficios. Y para esto: se alqujlaua,
42 1367 1163 1568 alos que querian hazer mal a
44 1454 1178 1657 sus enemigos, y les desseauan la
50 1554 1191 1733 muerte: hazian sus encantamj
58 1645 1174 1845 entos de noche, quatro noches
72 1753 1160 1941 escogian las, ensigno mal afor
65 1826 1158 2061 tunado: y yuan alas casas de
71 1944 1211 2148 aquellos, aqujen querjan em
74 2067 1172 2243 pecer, de noche. Y alay veres,
85 2173 1202 2356 alla los prendian: porque aqi
56 2249 1218 2456 ros, aqujen yuan amaleficiar:
51 2348 1172 2561 eran anjmosos azechauian
61 2429 1247 2664 tos, y cogian los, y arrancauan
73 2531 1218 2773 los, los cabellos de la coronjlla
69 2631 1218 2838 de la cabeca: y con esto, lleoan
85 2762 1225 2980 do esu casa moria Palguños
82 2871 1215 3096 dezian, que se remediauan: si
96 2973 1199 3196 tomassen prestado algo de a
96 3084 1214 3296 quella casa: abua, o fuego, o cl
96 3210 1190 3399 gun vaso. Y aquel que auja
107 3304 1213 3483 arrancado los cabestos: fi era
96 3370 1271 3601 aujsado, velaua todo, aquel dia
88 3487 1226 3694 para que nadie sacasse cofa
102 3608 1226 3798 njnguna de su casa, nj presta
105 3685 1226 3922 da, nj de otra manera: y ali
2211 6 2475 127 fo.28.
1337 -7 2092 190 adiujnatoria.
1255 168 2384 364 ço tlenamacac, itlaoiltililoc, acomo
1241 291 2422 472 mecati, in moteneoa tlaçolchiuhque
1233 399 2380 572 i caçocatle in ovi oqujtlaco: no ie
1226 491 2372 685 hoan in mamaltin, cequjntin vn
1237 609 2394 793 çan mjquja, mjtoa: ca iehoan inca
1226 707 2429 901 mozcaltiaia i motecuçoma, in camo
1253 827 2386 1024 tonalchicaoaia, incamoquetzaia, i
1255 919 2426 1160 camoqujxticua, iuh mjtoa: iuhqujn
1261 1038 2414 1269 ocreppa inca mopilqujxtiaia, ynjc
1255 1175 2388 1378 veçaoaz, in camotleiotia, momaujz
1266 1258 2448 1471 çotia, motequanntlahia, ic motlamauh
1254 1370 2412 1592 tilia. Auh in aqujn ipan tlacatia,
1266 1480 2441 1697 qujmacacia, mjc vncan temoa: auh
1264 1601 2379 1783 qujnjpan in ei cipacth maltiaia,
1265 1670 2450 1882 vncan achiqujqualtiliā mjtonal, iuh
1265 1763 2458 1973 mjtoa: ca qualcan mjpan ey cipacchi
1252 1920 2361 2086 oyoan mjtoaia: m aqujn ipan
1272 1988 2464 2204 tlacatia pilli, naoalli mochioaua tlā
1270 2093 2392 2299 culhquj, qujtoznequj: ammo tlacatl, i
1268 2240 2391 2403 tlaqujmonaoaltiaia, itlaic mocue
1279 2309 2430 2531 paia, aço tequannaoale. Et f. auh
1286 2443 2432 2608 mtlamaceoalli, no iuhiquj itequjuh
1282 2562 2451 2727 catça, açototoli, aço coçamatl, aoco
1282 2665 2395 2835 chichi, ipan moqujxtiaia, içaço
1282 2761 2489 2942 tlem mecuepaliz, yn aoalmochioaia
1283 2884 2482 3072 muchi itequjuh, qujcenmama, quj:
1291 2968 2505 3174 çemololoa, mjxqujch tlauelilocaiotl
1296 3091 2413 3277 cioanotzquj, xochioa, cioatlatole,
1291 3198 2450 3381 tempachioace, tetlatlacuepili, teiol
1296 3312 2449 3477 malacacho, teioiolmalacacho, tecol
1299 3402 2411 3577 lapon, teioiollapan, tetlatlanelto
1299 3525 2497 3709 qujti, ioan tlacateçolotl, tetlatlacate
1301 3642 2479 3813 colovia, tepoloa, tlatlalpoloa, tecaca
2363 3841 2475 3925 anj
