2734 4296
409 22 972 264 de la axte
41 253 1242 460 guraria, en diuersos anjmales. Y
59 391 1245 522 si fuesse hombre popular, o mace
58 491 1287 648 gual: seria, tambien hechizero, y en
52 564 1241 744 cantador, y enbaydor: de aquellos
67 647 1261 851 que se llaman, temacpalitotique.
66 743 1286 962 si fuesse muger: seria hechizera
72 869 1294 1071 de aquellas, que se llaman mome
78 969 1340 1162 tzcopinque: y estas hechizerias, estos
60 1054 1301 1231 hechizexos, aguardauan a algun lig
76 1166 1281 1344 no fauorable: para hazer las. vno
72 1280 1346 1462 de losquales: era chicunavi itzcujn
76 1367 1306 1573 tli: y otro, chicunavi mjqujztli:
87 1473 1274 1672 y otro, chicunavi malinalli: y
89 1563 1280 1757 todas las casas nouenas, de to
86 1662 1295 1854 dos los signos: les exan fauora
84 1780 1322 1948 bles, para estas sus obras: las qua
80 1870 1313 2027 les son contrarias, a toda buena
69 1966 1301 2145 fortuna: Cosque eran, deste ofi
102 2068 1302 2223 cio: siempre andauan tristes, y
105 2198 1302 2341 pobros: nj tenjan que comer, nj
106 2280 1320 2451 casa enque morar: solamente se
94 2355 1334 2569 mantenjan de loque les, dauan
94 2448 1312 2664 los que les mandauan hazer al
99 2589 1342 2780 gun maleficio. T quando ya aujan
136 2678 1350 2831 acabado de hazer sus maleficios, y
136 2782 1352 2939 era tiempo que acabassen su ma
569 2875 676 2936 cno,
123 2874 1332 3044 la vida: algu los prendia, y les cor
137 2991 1352 3134 taua los cabellos de la corona, de la
133 3093 1347 3243 cabeça: por donde perdia, el poder,
121 3187 1359 3353 que tenja, de hazer hechizerias, y
123 3261 1373 3460 maleficios: con esto, acabaua su ma
126 3362 1368 3534 lavida, muriendo. Aquellos hechi
136 3463 1367 3658 zeros: que se llaman temacpalito
135 3566 1391 3777 tique, o por otro nombre tepupuxa
167 3674 1370 3871 quaujque: quando querian robar
154 3767 1353 3948 alguna casa, hazian la ymagen de
153 3863 1361 4039 ce hecatl, o de quetzalcoatl: y ellos
162 3961 1348 4127 eran hasta qujnze, o veynte: los
1375 30 2249 240 aciujnatoria.
2413 82 2647 218 fi. sē.
1352 241 2534 395 muchqujmatiz açotequannagale.
1348 353 2626 482 coionaoale, Eet . auh intlamaceoalli
1361 458 2551 587 camienoiuhquj, iehoatl in mjtoa
1364 557 2554 704 Tlacatecolotl, tetlatluxatetolouja, te
1364 656 2600 826 Qupuxaquavia, temamacpalitotia,
1374 771 2607 938 xepoloanj, ineujllotlatia: no iuhquj
1375 869 2632 1013 intlacioatl mometzcopinquj, mnometz
1375 990 2660 1136 cōpnanj, etā auh mjpan tepoloaia,
1377 1090 2571 1244 vntian qujmattiuja: in oujtalli to
1373 1212 2598 1350 nalli, ixtoatl contotocaia, contlatoto
1380 1318 2571 1465 qujliaia qujtoa cenca ipan tepo
1392 1416 2605 1591 loaia in chicunauj itziujntli, anoço
1396 1509 2597 1671 eticunauj mjqujztli, chicunauj ma
1393 1632 2588 1777 hnalli,: ioan niemuchi chichicuna
1399 1740 2573 1955 tauj, ioan in occequj nnoteneoa
1397 1845 2577 2012 aqualli tonalli, mjzqujcam omote
1404 1940 2600 2125 ruuh, auh miuhquezquican omjlo,
1407 2053 2581 2246 in aqujn iutquji itequjuh, itete
1405 2147 2608 2357 qujuh muchioa, qujmotetequjtia
1411 2260 2597 2424 uic auja, atle qujquanj, çanmotoli
1421 2383 2609 2560 njtinemj, aoneoatinemj, acan ichā,
1413 2489 2606 2636 aicam chanca amo chaneçaça, acan
1437 2601 2673 2745 chantlamattica, açan chanecatlamal
1416 2689 2616 2868 Tica, çan ic noiotl qujtztmnemj, çan
1428 2811 2579 2990 ic conquatiuti, canjc onmotlamj
1440 2924 2606 3117 tuchi, i tlaçana itla maco, nema
1438 3004 2637 3205 qujlilo mjctapoloa, mjc netlaque
1430 3127 2654 3286 vilo: ano ce cana axioa, mjquac ieo
1440 3220 2639 3392 tlatlatziujti, ie ontlaxujti, ieoclatla
1453 3348 2661 3544 tzilhiuj, vncan ano, qujtzoncuj, quj
1462 3452 2611 3648 iteiocujlia, qujtonalitlacoa: ic ca
1453 3555 2641 3764 temac onmomjqujzcacaoa: auh
1452 3703 2701 3860 i ieho antin moteneoa, temamac
1462 3827 2636 3977 palitotique, tepupuxaquaujque,
1476 3939 2599 4072 mjquac tlaçana ichtequjzque, te
2536 4145 2620 4236 zol
