2548 4000
708 11 1286 232 Libro. E.
124 238 1273 386 resplandecian de verdes: y tenja las
121 360 1264 484 orejas de oro muy fino, y muy res
123 435 1296 547 plandeciente, como flores de calaba
112 523 1281 624 ça. Tenja el vipil, labrado, conolas
121 603 1263 728 de agua: estaua bordado el vipil,
116 684 1287 832 con vnos chalchiujtes pintados. Te
126 780 1266 891 nja las naoas, labradas de la nus
109 866 1229 989 ma obra del vipil: tenja en las
120 962 1263 1095 Cargantas de los pies atados cas
120 1047 1233 1146 cabeles de oro, o caracolitos blan
108 1151 1232 1266 cos, estauan enxeridos en vna ti
102 1230 1262 1381 ra de cuero de tigre: quando an
105 1316 1216 1463 daua, hazian gran sonido. Llos
94 1422 1261 1559 cactles o cotaras, que lleuaua, erā
92 1518 1235 1667 texidos, con hilo de algodon: y los
112 1603 1240 1737 botones de los cactles, o cotaras ta
99 1685 1246 1842 bien eran de algodon: y las cuer
94 1780 1240 1922 das, con que se atauan, tambien
91 1875 1234 2014 eran de algodon floxo. Tenja vna
86 1976 1232 2111 ro dela pintada, con vnas ojasan
90 2076 1229 2197 chas, de la yerua que se llama a
85 2150 1194 2288 tlacueçona: tenja la rodela col
75 2249 1215 2389 gando, vnos rapacejos de pluma
71 2329 1227 2467 de papagayo con flores en los ca
66 2427 1236 2570 bos, hechas de pluma de agujla:
60 2519 1234 2662 tenja vna flocadura hecha deplu
75 2608 1183 2767 ma pegada de quetzal, tambien
48 2711 1207 2858 plumas del aue que se llama ça
66 2796 1197 2951 quan: y otras plumas del aue,
63 2900 1164 3025 que llaman teuxolotl. Quando
60 2993 1193 3115 baylauā con estos adereços, yua
66 3069 1169 3199 campeando, la rodela: lleuaua,
67 3167 1161 3279 en lamano vn baston rollizo, y
61 3255 1189 3395 en lo alto como vn palmo odos an
63 3337 1171 3472 cho, como paleta, adornado con
49 3430 1139 3569 papeles, goteados con vlli, tres flo
60 3517 1190 3621 res hechas de papel, vna encada
49 3601 1143 3731 tercio: las flores de papel, yuan
44 3686 1176 3787 llenos de encienso, junto a los flores
43 3765 1150 3907 yuan, vnas plumas de quetzalli,
1534 58 2437 253 de las cenmonjas.
1371 290 2487 451 Auh ipampa y, cenca qujmauiz
1375 402 2495 542 tiliaia yn iztapaneca, yn iztapa
1369 486 2455 645 tlaca. Auh in vixtocioatl ynj
1366 588 2486 770 nechichioalcatca, yn jxaoal, ynj
1357 687 2449 839 nechioal cuztic, iehoatl inteco
1359 773 2458 945 caujtl, anoço tomjoli: yoan y
1339 898 2481 1074 amaçal, quetzalmjiaoaio, que
1340 1008 2467 1153 quetzalo, moca quetzalli, iuh
1333 1132 2470 1261 qujn xoxoqujuj, xoxoqujuhti
1344 1232 2466 1385 manj, momoiaoa, xexeliuj,
1345 1319 2496 1494 iuhqujn xoxopaleoa, xoxoxouja:
1335 1451 2460 1591 yoan yteucujtlanacoch, teucuj
1337 1529 2448 1687 tlanacoche: auh in teucujtla
1321 1637 2428 1794 nacochtli, pepetlaca, pepepe
1317 1730 2432 1891 tlaca, cenca coztic, iuhqujn a
1315 1848 2423 2003 ioxochqujlitl: yoan yujpil tla
1306 1964 2404 2113 aicujlolli, aycujliuhquj: auh
1307 2088 2428 2228 yniten yn ivipil, tlachalchiuj,
1311 2193 2416 2336 cujlolli, chalchiujcujliuhquj, tē
1305 2291 2442 2448 mixmolonquj, tlatenmjxicuj
1303 2386 2389 2544 lolli: auh yn icue can ie no
1285 2501 2404 2661 iuhquj ynic tlacujlolli, yoan
1277 2624 2374 2770 ic xic contlalia coiolli, teucuj
1288 2737 2419 2873 tlacoiolli, anoço tzitzilli: itlanitz
1273 2857 2362 3000 co inqujlpiaia, ocelueoatl ym
1285 2966 2395 3103 pan onoc coiolli: yn iquac ne
1271 3063 2405 3214 nemj cenca yxaoaca, yxama
1278 3190 2405 3290 ca, xaxamaca, tzitzilica, tzitzi
1263 3280 2387 3440 tzilica: yoan ycacac ipoculcac,
1259 3417 2372 3561 yn icacnacaz, in cacnacaztli, ic
1279 3512 2364 3666 patl potonquj inic tlaqujttli,
1261 3611 2336 3774 ynjc tlamaiqujttli: auh yni
1265 3708 2411 3858 cacxochio, çan noie in potonquj.
1260 3793 2340 3920 auh yn jcac mecaio, çan ie no ie
