2650 4298
1078 64 1786 231 libro segundo
511 229 1753 400 Latercera fiesta mouible.
526 432 2136 543 Enel tercero signo, que se llama ce macatl: enla primera
533 519 2157 630 casa hazian fiesta a las diosas que se llaman cioapipilti: por
539 572 2164 702 que dezian que entonce decendian ala tierra, ataujauā
530 650 2045 754 asus ymagines con papeles, y ofrecian las ofrendas.
665 773 1825 950 La quarta fiesta mouible
518 970 2160 1120 En el signo que se llama ce maçatl: en la seguno casa que
535 1068 2143 1171 se llama vmetochtli: hazian gran fiesta al dios llamado
542 1109 2139 1256 yzqujtecatl, que es el segundo dios del vino, y no solamente
547 1193 2133 1312 ael: pero atodos los dioses del vino que eran muchos: adereça
537 1268 2130 1403 van este dia muy bien su ymagen en su cu, y ofrecianle co
534 1341 2134 1473 sas de comjda, y cantauan, y tañjan delante del: y enel pa
531 1419 2136 1542 tio de su cu, ponjan vn tinajon de pulcre, y hinchianle
530 1493 2144 1597 los que eran taberneros hasta reberter, y yuan abeuer
524 1556 2146 1676 todos los que querian: tenjan vnas cañas conque beujā:
533 1624 2122 1746 los taberneros yuan ceriando el tinajon: de manera que
543 1708 2108 1828 siempre estava lleno: principalmente hazian esto los q̄
535 1772 2074 1910 de nueuo aujan cortado el maguey, la primera agua
539 1833 2131 1994 mjel que sacauan, la lleuauan ala casa deste dios como
511 1962 825 2080 primjcias.
684 2079 1800 2257 La qujnta fiesta moujble
519 2284 2150 2428 Enel signo llamado ce xochitl: en la primera casa, hazian
538 2394 2136 2471 gran fiesta, los principales, y señores, baylauan, y canta
538 2468 2133 2569 uan a honrra deste signo, y hazian otros regozijos: y sa
526 2543 2101 2622 cauan entonce los mas ricos plumajes, con que se ade
536 2601 2122 2696 reçauan para el areyto: y enesta fiesta, el señor hazia
539 2664 2113 2793 mercedes a los hombres de guerra, y alos cantores ya
516 2735 962 2844 los del palacio.
668 2858 1810 3038 La sexta fiesta mouible
515 3064 2137 3191 En el signo llamado ce acatl: enla primera casa, hazian
519 3182 2126 3297 gran fiesta a quetzalcoatl dios de los vientos : los señores
515 3237 2142 3369 y principales: esta fiesta hazian en la casa llamadacal
525 3311 2115 3416 mecac, que era la casa donde morauan los satrapas de
508 3376 2131 3515 los ydolos: y donde se criauan los muchachos, enesta ca
517 3449 2099 3581 sa que era como vn manesterio, estaua la ymagen
517 3545 2126 3670 de quetzalcoatl: Este dia la adereçauan, con ricos or
516 3596 2089 3735 namentos, y ofrecian delante della perfumes, y comj
501 3666 2060 3787 da: dezian que este era el signo de quetzalcoatl.
668 3827 1738 3987 La septima fiesta moujble.
