2102 2734
183 -18 2018 93 quan fuertes son, en sufrir trabajos, de hambre, y sed, frió, y sueño : quanli
186 69 2039 157 geros y dispuestos, para acometer, qualesqujera trances peligrosos. Pues no
186 117 2009 205 son menos abiles, para nr̄o christianjsmo : sino enel deujdamente, fueren
186 191 2014 262 cultiuados. Cierto parece, ueen estos nr̄os tiempos, y enestas tierras, y cō
188 247 2034 340 esta gente : a querido nr̄o señor dios : restituyr a la yglesia, lo que el demonjo
186 293 1998 386 la a robado, en inglaterra, alemanja, y francia : en asia, y palestina.
174 368 2015 448 De lo qual quedamos muy obligados : de dar gracias, a nr̄o señor, y traba
182 430 1221 529 jar fielmente, en esta su nueva españa.
678 639 1244 819 Al sincero lector.
194 826 2011 951 Quando esta obra se començo, començose a dezir, de los que lo supieron: que
200 915 2017 1016 se hazia vn calepino : y aun hasta agora, no cesan muchos, de me pregun
186 974 2030 1062 tar, que en que termjnos anda el calepino? Ciertamente, fuera harto pro
189 1017 2017 1122 uechoso, hazer vna obra tan vtil : para los que qujeren deprender esta
179 1095 2023 1191 lengua mexicana : como Ambrosio Calepino la hizo : para los que qujerē
195 1154 2009 1248 deprender, la lengua latina : y la signjficacion de sus vocablos. Pero ci
195 1200 1991 1310 ertamente, no a aujdo oportunjdad : porque Calepino saco los vocablos,
190 1270 1977 1383 y las significationes dellos, y sus equjuocationes, y methaphoras, de la
182 1335 1992 1439 lection, de los poetas, y oradores, y de los otros authores, de la lengua la
183 1391 1995 1515 tina: autorisando todo lo que dize, con los dichos de los authores: el qual fun
198 1453 2004 1563 damento, me a faltado a mj : por no auer letras, nj escriptura, entre esta
189 1524 2033 1651 gente : y ansi me fue impossible hazer calepino. Pero eche los fundamē
191 1583 2000 1705 tos, para qujen qujsiere, con facilidad le pueda hazer : porque por mj
197 1653 1997 1764 industria, se an escripto doze libros : de lenguaje propio y natural, des
190 1722 2016 1832 ta lengua mexicana : donde allende de ser muy gustosa, y prouechosa
207 1783 1965 1888 escriptura : hallarse han tambien en ella, todas las maneras de ha
188 1838 2005 1954 blar, y todos los vocablos, que esta lengua vsa : tambien authorizados,
198 1929 2006 2036 y ciertos : como lo que escriujo vergiliō, y Ciceron, y los demas authores,
195 1976 2022 2083 de la lengua latina. Van estos doze libros, de tal manera traçados, que
200 2046 1989 2155 cada plana, lleua tres colunas : la primera, de lengua española: la se
190 2113 1992 2245 gunda, la lengua mexicana : la tercera, la declaracion, de los voca
203 2171 1990 2299 blos mexicanos : señalados con sus cifras, en ambas partes : lo de la len
203 2245 1994 2343 gua mexicana, se a acabado, de sacar en blanco, todos doze libros : lo de
202 2301 1984 2415 la lengua española, y las escolias, no esta hecho : por no auer podido
202 2366 1973 2472 mas, por falta de ayuda, y de fauor. Si se me diese la ayuda nece
187 2424 1978 2557 ssaria, en vn año, o poco mas, se acabaria todo : y cierto si se acabase,
200 2491 2005 2587 seria vn tesoro, para saber muchas cosas : dignas de ser sabidas. Y para
198 2562 2042 2648 con facilidad, saber esta lengua, con todos sus secretos, y seria cosa de mucha
180 2634 1126 2740 estima, en la nueua, y vieja españa.
