2684 4170
508 45 950 236 libro. E
89 248 1312 442 vna fiesta, que llamauan aiacach
113 390 1325 546 pixolo, enel templo llamado lopico.
89 497 1289 644 Enesta fiesta los vezinos, de aquel
100 607 1300 734 barrio, estauan cantando sentados,
87 713 1298 858 y tañjan lonaxas, todo vn dia, en el
99 816 1288 971 dicho templo: y ofrecian flores, enel
102 935 1287 1090 mismo templo. Estas flores quese
101 1062 1310 1205 ofrecian, eran como primjcias: por
98 1162 1292 1307 que eran las primeras, que nacia
113 1259 1316 1420 aquel año: y nadie osaua, oler flor
104 1366 1295 1519 ninguna, de aquel ano, hastaque se
106 1472 1316 1636 ofreciessen, enel templo ya dicho las
108 1567 1271 1731 primicias de las flores. Enesta
105 1679 1300 1842 fiesta, hazian vnos tamales, que se
108 1781 1294 1918 llamauan tzatzapaltamalli, hechos
104 1907 1303 2032 de bledos o cenizos: principalmente
95 1996 1306 2131 hazian estos tamales, los del barrio,
97 2110 1321 2243 llamado coatlan: y los ofrecian en el
100 2195 1302 2359 mjsmo cu, delante de la diosa, que
98 2323 1294 2467 ellos llamauan, coatl icue, o por o
96 2424 1304 2573 tro nombre, coatlan tonan: enlla
107 2529 1285 2688 qual, estos maestros, de hazer flo
105 2645 1318 2780 res, tenjan gran deuocion. Enesta
103 2760 1282 2899 mesma fiesta, es condian en alguna
89 2867 1281 3012 cueua, los cueros de los captiuos,
91 2965 1321 3156 que aujan desollado, en la fiesta pa
83 3115 1285 3292 ssada: porque ya estauan hartos,
81 3234 1276 3402 de traer los vestidos, y porque ya
74 3362 1304 3512 hedian. Algunos emfermos de sar
87 3482 1275 3629 na, o de los ojos, hazian promesa
79 3588 1300 3747 de yr aayudar asconder estos pelle
69 3705 1296 3883 os: porque los ascondian, con pro
72 3853 1280 4011 cession, y con mucha solemnjdad:
67 3968 1310 4122 yuan estos emfermos aesta procession
1534 49 2328 231 de las cerimonjas
1390 294 2643 459 in calpulueuetque, vmpapouhque
1392 423 2606 547 iopico, cujcatoque, aiacachoto
1390 528 2611 701 que, ycouetzi cemilhujtl ic tla
1390 652 2599 791 cemilhiuitiltitoque, ic tlalhuj
1389 766 2666 945 qujxtitoque, ic tlalhujnextitoque.
1397 901 2603 1060 tlalhuicultitoque, ilhujçuloto
1390 1032 2609 1195 que, ic ueuetzi cemilhujtl: yoā
1388 1156 2631 1309 xochimanalo, ynic mjtoa xochi
1393 1290 2627 1433 manalo, ca in ixqujch nepapan
1389 1405 2621 1572 xochitl, in iancujcan cueponj, y
1386 1566 2627 1702 iacatiuitz; yn iiacac vitz xochitl
1402 1665 2600 1838 ic tlamanalo, aiac achtoquj
1393 1825 2601 1942 necuj, intlacamo achto ic tla
1395 1921 2613 2078 manaz: qujuenchioaz, qujue
1389 2037 2625 2170 manaz, in çaçotlein xochitoto
1390 2173 2589 2314 ti qujttaia, cuecuepontoc, cue
1386 2285 2581 2420 cuepocatoc, tlatlatzcatoc, into
1392 2398 2639 2546 nalxuchitl, hacquj, acqujtoton
1397 2530 2573 2693 hacqujpipil, hacqujtetoton
1406 2667 2573 2815 can quecizquj, canquezqujto
1389 2785 2599 2940 ton, çan quecizquipipil, çan
1392 2914 2600 3078 quezquiquauhtoton qujcujcuj
1397 3025 2624 3177 tlalpia, qujilpia. Auh ynjc xi
1390 3173 2602 3310 chitetemoaia, qujcenpanocuj
1388 3288 2599 3430 tiuj in milli, telcequj qujoal
1392 3391 2614 3530 namacaia, in millaca: auh yni
1383 3529 2593 3669 quac y, qujquaia tzatzapalta
1395 3634 2612 3783 malli: oc cenca iehoanti qujma
1389 3746 2600 3884 uiztiliaia in coateca, in coatlan
1388 3865 2609 4008 çalpulli itech pouja: qujtlamo
1379 3962 2648 4115 njlia yn inteouh, itoca coatlycuh,
