2704 4112
337 15 880 185 de la fiesta
96 194 1267 354 tenjanlos por infames, y indignos, denjn
90 307 1258 433 gun oficio publico: de ay aderante llama
97 385 1225 525 uan los mocauhque, que qujere dezir
84 472 1249 576 dexados. Tomauan pronostico de lallu
85 549 1256 673 uja, y de la elada del año, de la venjda
90 640 1226 771 de algunas aues, y de sus cantos hazi
87 714 1259 826 an otra crueldad, enesta mjsma fiesta:
84 793 1226 935 que todos los captiuos, los lleuauan a
103 886 1247 1037 vn templo, que llamauan iopico, del di
83 975 1255 1126 os Totec: eneste lugar despues demu
81 1081 1216 1222 chas cerimonjas, atauan acada vno
87 1162 1255 1270 dellos, sobre vna pidura, como muela
84 1260 1252 1398 de molino, y atauanlos: de manera
81 1349 1221 1487 que pudiesen andar, por toda la cir
91 1444 1250 1594 conferencia de la piedra, y dauanlos
81 1546 1217 1678 vna espada de palo, sin nauajas, y v
82 1635 1226 1783 na rodela, y ponjanlos pedacos de ma
83 1723 1241 1867 dero de pino, paraque tirasen: y los
87 1821 1259 1943 mesmos, que los aujan captiuado, yuā
87 1920 1255 2055 apelear con ellos, con espadas y rodelas,
69 1997 1228 2145 y enderrocandolos, lleuauanlos luego
93 2100 1239 2252 allugar del sacrificio, donde echados
94 2194 1232 2329 de espaldas, sobre vna piedras de al
91 2284 1257 2426 tura de tres oquatro palmos, y de an
102 2387 1224 2543 chuya de palmo y medio en quadro, q̄
96 2471 1258 2601 ellos llamauan techcatl: tomauanlos dos
76 2572 1235 2704 por los pies, y otros dos por los braços,
72 2670 1246 2811 y otro por la cabeça, y otro con vn naua
63 2748 1209 2893 gon de pedernal, con vn golpe se leso
81 2838 1252 2998 mja por los pechos: y por aquella aver
69 2945 1271 3071 tura, metia la mano, y ie arrancaua
81 3033 1225 3187 el coraçon: el qual luego le ofrecia, al
72 3132 1225 3248 sol, y alos otros dioses, señalando coel
73 3214 1237 3348 hazialas quatro partes del mundo. he
70 3312 1243 3444 cho esto, echauan el cuerpo por las gra
73 3397 1262 3533 das abaxo, y yua rodando, y dando oolpes
72 3486 1255 3621 hasta llegar abaxo, en llegando abaxo, to
72 3563 1244 3693 mauale, el que le auja captiuado, y he
77 3641 1244 3768 cho pedaços, le repartia para comerle
89 3716 265 3809 cozido.
1625 36 2170 192 Quavitleva.
2349 79 2560 193 fo. 17.
1341 197 2498 349 oalhuj necujlicti, tletlecton, tzatzi
1357 350 2474 471 tinemj, yn ezca ie uitz in cetl, ie
1339 430 2529 604 ceuetziz. Auh ynic mjtoaia qua
1347 544 2483 714 ujtleoa: vncan necia, vnean o
1346 677 2493 807 njxnecia, yn izqujntin oaoanoz
1341 774 2482 929 que temalacac: yoan in quex
1340 885 2514 1072 qujch can miquiz, moteneoaia
1344 1019 2516 1182 qujnquavitleoaltiaia yn oaoan
1335 1153 2502 1284 ti: vmpa ovico yiopico, yn iteu
1355 1251 2470 1424 pan Totec, vmpa qujntlaieecal
1362 1421 2506 1526 viaia, in quenjn miquizque, quj
1358 1514 2471 1636 meltequja: can oc qujntlaiecul
1333 1630 2528 1770 tiaia: iotlaxcalli, anoço iopitlax
1345 1728 2518 1877 calli, ynic qujmeleltequja. Auh
1344 1890 2464 2010 nappa teixpan neci, teixpan
1351 1970 2480 2160 qujxtilo, teittitilo, teiximachti
1333 2126 2462 2286 lo, qujntlamamaca, qujnma
1343 2226 2475 2408 maca yn jmamanechichioal:
1332 2360 2489 2543 ynjc ceppa maco, ynjc chichi
1341 2492 2470 2630 oalo, tlauhio tlauhiotiuj, tla
1346 2620 2488 2769 tlactic, tlauhio ynjmamatlat
1345 2729 2505 2892 quj. Jnic vppa iztac, ynjma
1340 2849 2489 2981 manechichioal. Jnic expa, oc
1345 2977 2505 3126 cepa iehoatl yn intlatquj ietiuh
1339 3100 2455 3250 tlauhio. Jnic nappa, iztac, ic
1340 3219 2453 3367 cen qujnchichioaia, ic cenqujn
1339 3362 2433 3500 macaia, ic cen qujtquj, ynjc
1329 3465 2398 3619 ipan in tequjuh vetziz, ynic
1321 3593 2440 3733 qujntlatlatizque, ynjc ihjiotl
1318 3729 2516 3850 quiçaz ynic oaoanozque: çaic
