2522 3948
547 28 1138 186 Libro. E.
70 274 1234 408 sartat de piedras preciosas, colgauā
66 361 1198 482 le vn juel de vna piedra precio
63 458 1201 599 sa blanca, que colgaua hasta el
69 538 1217 691 pecho: ponjanle, vn barbote lar
66 651 1232 808 go, hecho de caraçol marizco, lleua
81 743 1213 867 ua alas espaldas, vn ornamento
85 827 1235 954 como bolsa, de vn palmo en quadro
83 918 1199 1060 de lienco blanco, con sus borlas y
87 1028 1183 1172 flocadura: ponjanle tambien
93 1129 1242 1257 en los braços, encima de los codos
79 1217 1240 1372 en los morcilos de los braços: vnas
88 1325 1237 1469 ajorcas de oro, en ambos braços: po
93 1426 1197 1562 njanle tambien en las muñecas,
96 1527 1252 1647 vnos sartales, de piedras preciosas,
103 1617 1231 1755 que ellos llaman macuextli: que
95 1709 1256 1851 le cubrian casi todas las muñecas
77 1788 1212 1957 hasta el codo: cubrianle con vna
89 1893 1219 2039 manta rica, hecha amanera de
87 1984 1228 2116 red, con vna flocadura, muy curio
90 2080 1201 2238 sa, por las orillas: ponjanle tam
84 2164 1196 2330 bien ceñjdo, vna pieca de lienço,
81 2286 1219 2414 muy curiosa, que ellos vsauan, pa
97 2373 1225 2505 ra cubrir, las partes baxas, que lla
91 2453 1233 2595 mauan mastlatl, las estremjdades
100 2541 1206 2694 deste mastlatl, era muy labradas
81 2640 1206 2804 tanta anchura, como vn palmo
86 2726 1237 2915 de todo el ancho de lienco, goloa
93 2831 1238 3012 uan estas estremjdades, por la par
79 2943 1228 3133 te delantera, casi hasta la rodilla:
91 3060 1231 3230 ponjanle tambien, vnos cascaveles
97 3164 1212 3315 de oro, en las piernas, que yua so
84 3266 1229 3392 nando, por donde qujera que yua,
79 3370 1244 3507 ponjanle vnas cotaras, muy pinta
80 3451 1232 3598 das, muy curiosas, que las llamava
92 3558 1224 3674 ocelunacace. Desta manera, atauj
99 3635 1219 3777 aua, deste mancebo, que aujan de
91 3728 1229 3875 matar, enesta fiesta, estos eran los
1488 28 2347 200 de las cerimonjas:
1317 264 2474 406 lli: yoan conaqujaia icoiolnacoch,
1314 368 2464 475 teuxiujtl in tlachioalli, tlaxiuh
1321 475 2473 596 çalolli: yoan chipolcuzcatl, ynj
1320 570 2452 700 cuzquj, oc cepa yielpancuzquj iz
1316 684 2456 801 tac cilin. Auh njman ie yteca
1329 782 2440 891 çauh, iteçacapiaz tecciztli: auh
1329 877 2458 997 ycujtlapan pilcatiuh itoca Jcpa
1329 982 2449 1118 toxi, iuhqujn icpaxiqujpilli: nj
1321 1098 2446 1210 man ie nenecoc teucujtlamate
1327 1181 2523 1321 mecatl contlatlalitiuh yn jacolpa,
1330 1290 2455 1413 yoan in nenecoc imaquechtlan,
1310 1379 2471 1502 xinmaquiztli in contetecatiuh,
1326 1482 2468 1621 achi vel qujtlatlamja yn jmatzo
1320 1598 2468 1733 tzopaz: auh can ycuechin, in
1334 1703 2458 1838 qujquentiuh, iuhqujn xoujlma
1319 1830 2449 1945 tlatl ic cocoiaoac, tochiacatl ynjc
1326 1921 2476 2056 tentlaiaoalo: yoan ytlaco maxtli
1314 2012 2484 2166 qujmetztopeoa: auh njman ie yco
1313 2119 2437 2277 iolnenecoc, icxic in contlalitiuh,
1301 2219 2470 2367 muchi teucujtlatl in coiolli mjtoa
1304 2333 2464 2501 oiooalli: iehoatl inic xaxamati
1312 2463 2458 2605 uh, ynic tzitzilicatiuh, ynic ca
1306 2569 2470 2722 quizti: yoan itzcac ocelunacace:
1324 2677 2473 2814 yujn in muchichioaia, in iehoan
1313 2774 2454 2917 miquja cexiujtl: yn iquac ie oa
1321 2881 2454 3003 lacitiuh toxcatl, in ie itech om
1302 2980 2452 3122 pachiuhtiah, yn ie itech onaci
1313 3083 2428 3226 tiuh, achtopa tlapaliuhcatia,
1314 3216 2467 3319 cihoatl qujttaia, mocioaoatiaia
1315 3306 2470 3456 ipan, veytocoztli. Auh qujtepe
1311 3414 2456 3550 oaia, qujtlatlaliaia, quicaoa, y
1323 3522 2437 3656 Jn jnechichioal ocatca, yn ipan
1320 3617 2416 3741 omotlilcauhtinenca, moxima,
1311 3731 2470 3870 mjxquatzontia, iuhqujnma iaute
