2642 4182
1124 83 1487 258 stpendiz
38 201 1183 383 Capitulo veynte y seys, del gra
1301 216 2562 392 Injc cempoalli onchiquacen capi
45 348 243 437 nizo
1318 333 2357 492 tulo, ytechpa tlatoa in tecivitl.
1308 448 2549 573 Iniquac qujavi, in cenca tecivi: in aqujn
77 431 1205 573 Ytra abusion tenjan: quādo alguno te
1323 543 2508 656 vnca imjl, anoço zchilcuen, anoço yie
41 534 1241 656 nja alguna sementera, o mahiz, o dechilli,
1323 631 2517 733 cuen, ychian: tleconcxtli qujiaoac quj
42 625 1198 748 odechian, ofrisoles: fi començaua a
1310 717 2515 823 oaltepeoa, itvalco: qujlmach yc amote
45 711 1225 842 granjrar: luego sembraua cenjza, por
1307 766 2528 898 civiloz injmjl, qujlic poliuj in tecivitl.
46 807 616 930 el patio de su casa.
1320 900 2604 1079 Jnjc cempoalli onchicome capitulo,
38 918 1235 1086 Capitulo veynte y fiete, de los
1311 1035 2561 1186 yntechpa tlatoa in tlatlavipuchti.
47 1049 353 1169 bruxos
1307 1176 2558 1338 Iniooaltica nemj tlatlacateculo: aco nana
1313 1302 2624 1398 oalti, tlavipuchtin incanjn ontepaloa intechan:
45 1288 1224 1451 Tenjan otra supersticion, dezian: que par aq̄
1324 1385 2588 1478 in oqujmittaque in aco itla ic qujnpoloa incha
54 1395 1250 1503 no entrassen los bruxos en casa, a hazerda
1324 1448 2568 1557 neque: njman atlan conteca ytztli, puertati
42 1477 1235 1580 ño: era bueno, vna nauaja de medra negra,
1312 1549 2568 1640 tlan, anoço itoalcoqujmana in iooaltica, quj
39 1550 1238 1674 en vna escudilla de agua puesta, tras la puer
1316 1607 2552 1707 toaia: qujlmach vncan onmotezcavia intla
45 1627 1263 1743 ta, o en el patio de la casa de noche, dezian:
1313 1697 2530 1793 tlacateculo, yn tlavipuchtin in tepoloa: aco
44 1710 1211 1833 quese vian alli los bruxos. Y enviendo se
1312 1765 2529 1860 mjcoaz, anoce cocoliztli tepan muchioaz,
50 1766 1234 1905 enel agua, con la nauaja de dentro: lue
1310 1836 2531 1959 Jenjman choloa, aiocmo ceppa tepolotivi:
36 1852 1207 2002 godauan a huyr, nj osauan mas boluar
1290 1917 2465 2027 in iquac oqujttaque itztli, atlan onoc.
44 1960 422 2081 aquella caja.
1307 2028 2474 2202 Jnjc cempoalli onchicuei capitulo,
36 2055 1210 2185 Capitulo veinte y ocho, dela comj
1301 2114 2600 2311 ytechpa tlatoa in qujmjchin ytentlaçaoal.
39 2165 836 2302 da del raton, que sobra
1301 2277 2511 2434 Iiqujmjchin in caço tlein qujqua: aiac
36 2323 1204 2470 Otra supersticion era, dezian: que el que
1310 2359 2504 2492 vel qujqualiaia, qujlmach in aqujn quj
50 2446 1171 2535 comja loque el raton auja roydo pan, o
1305 2453 2498 2579 qualia yn q̄caoa qujmjchin, itech tlatla
63 2518 1213 2609 quejo, o otra cosa: que le leuantarian al
1295 2515 2551 2627 mjz, camjtoa: oqujchtequjco in qujmjchin,
54 2581 1201 2695 gun falso testimonjo, de hurto, o de adul
1312 2594 2486 2721 oqujchtacaqua. Ipampa y, in aiac vel
44 2668 648 2766 terio, ode otra cosa.
1304 2681 2496 2807 qujqualiaia in itentlacaoal qujmjchin.
1303 2739 2549 2883 Noyuh ipan mjtoz: in aqujn qujqua iten
1299 2828 2533 2944 tlacaoal qujmjchin, itechtlatlamjz, in cō
35 2808 1226 3007 Capitulo veinte y nueue, de las
1304 2901 2480 3037 ço tlein tlatolli, anoço intlain poliviz.
40 2999 249 3105 vnas
1286 3002 2556 3183 Jnjc cempoalli onchicunauj capi
72 3053 1187 3217 Jtra abusion exa que los secortauan
1306 3103 2328 3268 tulo, ytechpa tlatoa yn iztitl.
57 3130 1239 3253 las vñas, hechauan las enel agua, dezian:
31 3211 1214 3362 que por esto el anjmalejo, que sellama avi
1316 3200 2616 3380 Qujlmach in tozti, in jquac motetequja, atlal
32 3286 1278 3429 tzotl, haria que les naciessen bien las vñas:
1304 3303 2603 3443 con tepeoaia, qujlmacn ipampa: in iehoatl ac
1298 3354 2608 3527 tzotl, qualli qujxoaltiz: amopapatzaoaz, qual
33 3405 1233 3556 porque es muy amigo de comer las vnas:
1289 3450 2594 3606 yez. Ipampa: in iquac aqujnqujlaqujaia, quj
1287 3540 2317 3683 qujxtiliaia in jzti, ioan ixtelolo.
1287 3619 2589 3802 Inic cempoalli ommatlactli capitulo
23 3660 1240 3837 Capitulo treinta, del esternudo,
1300 3738 2373 3895 ytechpa tlatoa in acucholiztli.
40 3855 1208 3997 tra supersticion dezian que elque es
1264 3858 2570 4020 Injquac aca acuchoa, qujtoaia in icvecauh.
47 3934 1208 4069 ternudaua: exa señal que alguno dezia
