<?xml version="1.0" encoding="UTF-8" standalone="yes"?>
<PcGts xmlns="http://schema.primaresearch.org/PAGE/gts/pagecontent/2013-07-15" xmlns:xsi="http://www.w3.org/2001/XMLSchema-instance" xsi:schemaLocation="http://schema.primaresearch.org/PAGE/gts/pagecontent/2013-07-15 http://schema.primaresearch.org/PAGE/gts/pagecontent/2013-07-15/pagecontent.xsd">
    <Metadata>
        <Creator>prov=University of Rostock/Institute of Mathematics/CITlab|PLANET AI GmbH/Gundram Leifert/gundram.leifert@planet-ai.de:name=Florentine Codex(htr_id=24784)::::v=2.6.6
prov=University of Rostock/Institute of Mathematics/CITlab|PLANET AI GmbH/Tobias Gruening/tobias.gruening@planet-ai.de:name=de.uros.citlab.module.baseline2polygon.B2PSeamMultiOriented:v=2.6.6
prov=University of Rostock/Institute of Mathematics/CITlab|PLANET AI GmbH/Tobias Gruening/tobias.gruening@planet-ai.de:name=/net_tf/LA73_249_0mod360.pb:de.uros.citlab.segmentation.CITlab_LA_ML:v=2.6.6
Transkribus</Creator>
        <Created>2020-06-23T15:23:53.513-07:00</Created>
        <LastChange>2020-06-24T08:10:22.407+02:00</LastChange>
    </Metadata>
    <Page imageFilename="FC_Vol_1_493.png" imageWidth="2586" imageHeight="4180">
        <ReadingOrder>
            <OrderedGroup id="ro_1596736963827" caption="Regions reading order">
                <RegionRefIndexed index="0" regionRef="r1"/>
                <RegionRefIndexed index="1" regionRef="r2"/>
                <RegionRefIndexed index="2" regionRef="r3"/>
            </OrderedGroup>
        </ReadingOrder>
        <TextRegion orientation="0.0" id="r1" custom="readingOrder {index:0;}">
            <Coords points="53,164 53,3941 1247,3941 1247,164"/>
            <TextLine id="r1l1" custom="readingOrder {index:0;}">
                <Coords points="441,241 626,241 652,218 695,244 763,218 834,240 949,212 1004,233 1001,138 915,124 859,84 679,107 620,92 547,103 492,159 439,175"/>
                <Baseline points="447,222 474,221 501,221 529,219 556,219 584,218 611,216 638,216 666,215 693,213 721,212 748,210 775,210 803,209 830,209 858,208 885,207 912,207 940,208 967,209 995,209"/>
                <TextEquiv>
                    <Unicode>del libro.</Unicode>
                </TextEquiv>
            </TextLine>
            <TextLine id="r1l2" custom="readingOrder {index:1;}">
                <Coords points="56,370 202,435 238,406 498,424 811,388 965,435 1122,371 1122,322 1034,314 435,354 56,305"/>
                <Baseline points="63,354 115,366 168,376 220,383 273,389 326,393 378,396 431,398 483,398 536,398 589,396 641,395 694,393 746,390 799,387 852,384 904,381 957,379 1009,376 1062,374 1115,374"/>
                <TextEquiv>
                    <Unicode>monasterio de calmecac. J por</Unicode>
                </TextEquiv>
            </TextLine>
            <TextLine id="r1l3" custom="readingOrder {index:2;}">
                <Coords points="50,464 460,521 697,468 971,495 1124,444 1123,392 1068,388 964,436 669,402 441,454 354,419 199,435 143,394 50,416"/>
                <Baseline points="57,446 112,454 168,461 224,466 279,470 335,474 391,476 447,477 502,477 558,477 614,476 670,474 725,471 781,468 837,465 893,460 948,456 1004,451 1060,447 1116,441"/>
                <TextEquiv>
                    <Unicode>esta causa, por la elecron que</Unicode>
                </TextEquiv>
            </TextLine>
            <TextLine id="r1l4" custom="readingOrder {index:3;}">
                <Coords points="46,540 562,592 920,548 979,580 1129,522 1128,477 1038,464 890,508 667,492 618,530 45,485"/>
                <Baseline points="53,530 106,537 159,543 213,550 266,555 320,558 373,561 426,563 480,564 533,564 587,563 640,562 693,560 747,557 800,553 854,549 907,544 960,539 1014,533 1067,527 1121,521"/>
                <TextEquiv>
                    <Unicode>hazia a vno se llamaua Que</Unicode>
                </TextEquiv>
            </TextLine>
            <TextLine id="r1l5" custom="readingOrder {index:4;}">
                <Coords points="48,640 314,671 856,657 902,625 1086,645 1111,567 944,599 832,566 759,599 521,588 445,619 316,581 47,585"/>
                <Baseline points="56,626 108,632 160,637 213,640 265,644 318,645 370,647 422,648 475,648 527,647 580,647 632,645 684,644 737,642 789,639 842,637 894,634 946,632 999,629 1051,627 1104,624"/>
                <TextEquiv>
                    <Unicode>tzaleoatl, o otro nombre totec</Unicode>
                </TextEquiv>
            </TextLine>
            <TextLine id="r1l6" custom="readingOrder {index:5;}">
                <Coords points="46,734 358,795 474,766 536,807 605,753 1123,719 1121,641 1007,687 750,654 536,708 363,680 232,713 110,658 45,686"/>
                <Baseline points="54,731 107,737 160,742 213,745 266,748 319,750 372,750 425,752 478,750 531,750 585,749 638,746 691,744 744,741 797,738 850,735 903,732 956,729 1009,725 1062,722 1116,720"/>
                <TextEquiv>
                    <Unicode>tlamacazquj: y el otro se lla</Unicode>
                </TextEquiv>
            </TextLine>
            <TextLine id="r1l7" custom="readingOrder {index:6;}">
                <Coords points="62,837 245,880 521,844 704,873 803,840 922,885 1116,825 1115,753 776,796 643,770 550,808 470,774 320,812 61,789"/>
                <Baseline points="69,830 121,836 173,840 225,844 277,846 329,848 381,849 433,849 485,849 537,848 589,846 641,845 693,842 745,840 797,836 849,831 901,828 953,824 1005,819 1057,815 1109,809"/>
                <TextEquiv>
                    <Unicode>maua tlaloc tlamacazquj.</Unicode>
                </TextEquiv>
            </TextLine>
            <TextLine id="r1l8" custom="readingOrder {index:7;}">
                <Coords points="62,965 508,974 565,939 646,981 1133,922 1131,876 996,862 594,918 59,862"/>
                <Baseline points="69,938 121,945 174,949 227,953 280,956 333,957 385,959 438,959 491,959 544,957 597,956 649,953 702,951 755,947 808,944 861,941 913,936 966,931 1019,926 1072,922 1125,917"/>
                <TextEquiv>
                    <Unicode>Jen la elecion, no se hazia ca</Unicode>
                </TextEquiv>
            </TextLine>
            <TextLine id="r1l9" custom="readingOrder {index:8;}">
                <Coords points="67,1045 176,1076 226,1053 407,1124 530,1059 848,1056 1120,1000 1118,960 916,952 529,1042 456,990 66,995"/>
                <Baseline points="75,1037 126,1043 178,1049 230,1053 282,1056 334,1058 386,1059 437,1059 489,1059 541,1057 593,1055 645,1052 697,1048 749,1044 800,1040 852,1035 904,1030 956,1025 1008,1019 1060,1015 1112,1010"/>
                <TextEquiv>
                    <Unicode>so del linaje, sino de las cos</Unicode>
                </TextEquiv>
            </TextLine>
            <TextLine id="r1l10" custom="readingOrder {index:9;}">
                <Coords points="62,1155 406,1202 763,1145 888,1186 961,1135 1166,1124 1163,1054 1039,1030 973,1080 739,1068 626,1111 60,1082"/>
                <Baseline points="69,1133 123,1140 177,1146 232,1152 286,1154 341,1157 395,1158 450,1158 504,1157 559,1154 613,1152 667,1149 722,1145 776,1140 831,1137 885,1131 940,1128 994,1123 1049,1118 1103,1115 1158,1112"/>
                <TextEquiv>
                    <Unicode>tumbres, y exercicios, y doctri</Unicode>
                </TextEquiv>
            </TextLine>
            <TextLine id="r1l11" custom="readingOrder {index:10;}">
                <Coords points="71,1253 265,1310 355,1261 970,1250 1141,1225 1139,1153 1011,1145 812,1217 757,1166 537,1216 372,1183 242,1230 69,1195"/>
                <Baseline points="78,1236 130,1243 183,1248 236,1251 289,1254 342,1257 394,1257 447,1257 500,1256 553,1254 606,1253 658,1250 711,1247 764,1244 817,1239 870,1235 922,1232 975,1227 1028,1224 1081,1221 1134,1218"/>
                <TextEquiv>
                    <Unicode>nas, y buena vida: si las te</Unicode>
                </TextEquiv>
            </TextLine>
            <TextLine id="r1l12" custom="readingOrder {index:11;}">
                <Coords points="78,1365 700,1367 1104,1339 1169,1301 1167,1243 690,1318 515,1278 425,1321 349,1276 246,1325 76,1261"/>
                <Baseline points="84,1323 137,1332 191,1339 245,1344 299,1347 353,1350 407,1352 460,1352 514,1352 568,1351 622,1349 676,1346 730,1343 784,1339 837,1335 891,1332 945,1327 999,1323 1053,1319 1107,1314 1161,1310"/>
                <TextEquiv>
                    <Unicode>njan, los sumos sacerdotes, si</Unicode>
                </TextEquiv>
            </TextLine>
            <TextLine id="r1l13" custom="readingOrder {index:12;}">
                <Coords points="71,1432 176,1487 802,1477 862,1442 946,1480 1026,1423 1163,1413 1130,1348 536,1416 460,1381 373,1419 69,1376"/>
                <Baseline points="78,1424 131,1434 185,1442 239,1449 293,1453 347,1455 401,1457 454,1458 508,1457 562,1455 616,1452 670,1448 724,1445 778,1440 831,1436 885,1431 939,1425 993,1419 1047,1415 1101,1410 1155,1406"/>
                <TextEquiv>
                    <Unicode>diujan castamente, y si guar</Unicode>
                </TextEquiv>
            </TextLine>
            <TextLine id="r1l14" custom="readingOrder {index:13;}">
                <Coords points="77,1518 360,1569 769,1553 1130,1520 1129,1454 1024,1426 947,1479 851,1458 704,1496 628,1461 558,1500 481,1467 362,1509 76,1475"/>
                <Baseline points="84,1514 135,1523 187,1530 239,1535 291,1539 343,1542 395,1545 447,1545 499,1545 551,1544 603,1542 654,1541 706,1538 758,1533 810,1530 862,1526 914,1521 966,1517 1018,1513 1070,1509 1122,1506"/>
                <TextEquiv>
                    <Unicode>dauan todas las costumbres</Unicode>
                </TextEquiv>
            </TextLine>
            <TextLine id="r1l15" custom="readingOrder {index:14;}">
                <Coords points="61,1646 198,1624 435,1664 600,1621 684,1666 767,1623 1175,1602 1172,1521 1075,1517 988,1568 859,1533 661,1582 575,1550 514,1601 402,1607 58,1564"/>
                <Baseline points="68,1607 125,1618 183,1626 241,1633 299,1637 357,1640 415,1641 472,1641 530,1639 588,1636 646,1632 704,1628 762,1623 819,1617 877,1612 935,1607 993,1603 1051,1598 1109,1595 1167,1592"/>
                <TextEquiv>
                    <Unicode>que vsauan los mjnistros de los</Unicode>
                </TextEquiv>
            </TextLine>
            <TextLine id="r1l16" custom="readingOrder {index:15;}">
                <Coords points="78,1731 301,1703 433,1773 702,1716 1106,1733 1173,1688 1172,1628 519,1689 443,1659 352,1695 190,1640 76,1657"/>
                <Baseline points="84,1695 138,1706 192,1714 246,1720 300,1725 354,1728 408,1730 462,1730 516,1728 570,1727 625,1724 679,1721 733,1717 787,1712 841,1708 895,1704 949,1701 1003,1697 1057,1694 1111,1692 1166,1691"/>
                <TextEquiv>
                    <Unicode>ydolos: el que era virtuoso, y</Unicode>
                </TextEquiv>
            </TextLine>
            <TextLine id="r1l17" custom="readingOrder {index:16;}">
                <Coords points="88,1802 193,1856 270,1816 397,1865 493,1837 601,1862 666,1815 813,1834 867,1800 1141,1788 1156,1704 1020,1750 693,1735 431,1779 86,1731"/>
                <Baseline points="95,1778 147,1789 200,1799 253,1806 305,1811 358,1814 411,1817 463,1817 516,1817 569,1815 622,1811 674,1808 727,1805 780,1800 832,1797 885,1794 938,1790 990,1787 1043,1785 1096,1784 1149,1782"/>
                <TextEquiv>
                    <Unicode>humjlde, y pacifico, y conside</Unicode>
                </TextEquiv>
            </TextLine>
            <TextLine id="r1l18" custom="readingOrder {index:17;}">
                <Coords points="82,1885 274,1956 533,1921 596,1957 664,1914 1057,1917 1139,1882 1138,1831 1018,1817 916,1858 831,1823 624,1869 254,1877 81,1814"/>
                <Baseline points="89,1868 141,1881 193,1892 245,1900 297,1907 349,1911 401,1913 453,1914 505,1914 557,1913 610,1910 662,1907 714,1902 766,1898 818,1893 870,1890 922,1885 974,1881 1026,1877 1078,1874 1131,1872"/>
                <TextEquiv>
                    <Unicode>rado, y cuerdo yno liujano, y</Unicode>
                </TextEquiv>
            </TextLine>
            <TextLine id="r1l19" custom="readingOrder {index:18;}">
                <Coords points="103,2025 161,1984 296,2052 434,2065 524,2017 700,2044 980,1973 1162,1972 1175,1896 427,1971 100,1925"/>
                <Baseline points="108,1967 161,1979 214,1989 267,1997 320,2002 373,2006 426,2007 479,2009 532,2007 585,2006 639,2003 692,1999 745,1994 798,1990 851,1985 904,1980 957,1974 1010,1970 1063,1967 1116,1963 1170,1961"/>
                <TextEquiv>
                    <Unicode>Saue y riguroso, y zeloso enlas</Unicode>
                </TextEquiv>
            </TextLine>
            <TextLine id="r1l20" custom="readingOrder {index:19;}">
                <Coords points="106,2085 345,2114 432,2078 495,2126 833,2087 883,2121 1168,2062 1167,2008 1078,1989 874,2053 777,2025 426,2067 105,2023"/>
                <Baseline points="113,2057 165,2069 217,2079 270,2088 322,2094 374,2097 427,2100 479,2100 531,2099 584,2097 636,2094 688,2090 741,2085 793,2080 845,2076 898,2071 950,2067 1002,2061 1055,2058 1107,2055 1160,2054"/>
                <TextEquiv>
                    <Unicode>costumbres, y amoroso, y mjseri,</Unicode>
                </TextEquiv>
            </TextLine>
            <TextLine id="r1l21" custom="readingOrder {index:20;}">
                <Coords points="128,2152 277,2200 316,2170 488,2241 571,2199 747,2180 824,2208 901,2166 1066,2187 1129,2155 1127,2083 914,2129 433,2155 271,2143 125,2075"/>
                <Baseline points="134,2142 183,2157 232,2169 282,2178 331,2184 380,2189 430,2192 479,2192 528,2190 578,2187 627,2184 676,2179 726,2174 775,2169 824,2163 874,2157 923,2153 972,2150 1022,2146 1071,2144 1121,2144"/>
                <TextEquiv>
                    <Unicode>vrdioso, y compasiuo, y amigo</Unicode>
                </TextEquiv>
            </TextLine>
            <TextLine id="r1l22" custom="readingOrder {index:21;}">
                <Coords points="120,2240 130,2243 145,2239 158,2245 169,2243 178,2254 184,2252 196,2256 212,2205 200,2203 186,2191 161,2161 156,2162 145,2157"/>
                <Baseline points="135,2216 165,2225 195,2234"/>
                <TextEquiv>
                    <Unicode>de,</Unicode>
                </TextEquiv>
            </TextLine>
            <TextLine id="r1l23" custom="readingOrder {index:22;}">
                <Coords points="206,2281 262,2306 332,2253 384,2297 421,2268 688,2302 797,2252 1157,2239 1152,2144 1072,2187 488,2240 202,2200"/>
                <Baseline points="213,2252 259,2259 306,2265 353,2268 400,2271 447,2271 493,2271 540,2270 587,2268 634,2264 681,2260 727,2256 774,2251 821,2246 868,2241 915,2237 961,2233 1008,2229 1055,2227 1102,2225 1149,2223"/>
                <TextEquiv>
                    <Unicode>odos y deuoto, y temeroso de</Unicode>
                </TextEquiv>
            </TextLine>
            <TextLine id="r1l24" custom="readingOrder {index:23;}">
                <Coords points="118,2322 417,2410 477,2366 676,2394 803,2332 1108,2327 1155,2315 1154,2263 904,2251 507,2319 347,2285 257,2317 176,2251 117,2289"/>
                <Baseline points="125,2312 176,2327 227,2338 278,2347 329,2354 380,2358 431,2360 483,2359 534,2358 585,2355 636,2351 687,2346 738,2342 789,2336 841,2331 892,2325 943,2322 994,2318 1045,2316 1096,2315 1148,2315"/>
                <TextEquiv>
                    <Unicode>dios. Los grados, por donde su</Unicode>
                </TextEquiv>
            </TextLine>
            <TextLine id="r1l25" custom="readingOrder {index:24;}">
                <Coords points="106,2410 450,2482 865,2430 954,2457 1183,2392 1182,2346 950,2334 857,2386 486,2373 395,2412 213,2384 150,2335 104,2355"/>
                <Baseline points="114,2402 167,2417 220,2430 273,2439 326,2446 379,2450 432,2453 485,2453 538,2452 591,2450 645,2445 698,2441 751,2435 804,2430 857,2424 910,2418 963,2412 1016,2407 1069,2402 1122,2399 1176,2396"/>
                <TextEquiv>
                    <Unicode>bia este tal, son estos: el prime</Unicode>
                </TextEquiv>
            </TextLine>
            <TextLine id="r1l26" custom="readingOrder {index:25;}">
                <Coords points="99,2533 527,2567 1183,2482 1181,2440 980,2437 388,2503 95,2446"/>
                <Baseline points="105,2501 158,2515 212,2527 265,2535 319,2541 372,2544 426,2546 479,2544 533,2543 586,2538 640,2534 694,2529 747,2523 801,2516 854,2510 908,2504 961,2499 1015,2494 1068,2490 1122,2487 1176,2487"/>
                <TextEquiv>
                    <Unicode>ro le llamauan tlamacazto, es co</Unicode>
                </TextEquiv>
            </TextLine>
            <TextLine id="r1l27" custom="readingOrder {index:26;}">
                <Coords points="122,2623 266,2665 441,2668 499,2636 642,2667 814,2605 1140,2574 1154,2521 813,2524 592,2557 486,2610 380,2571 318,2605 118,2570"/>
                <Baseline points="129,2609 180,2620 231,2629 282,2635 333,2639 384,2640 435,2639 486,2637 537,2633 588,2629 639,2623 690,2617 741,2609 792,2602 843,2595 894,2588 945,2582 996,2577 1047,2572 1098,2568 1149,2567"/>
                <TextEquiv>
                    <Unicode>mo acolito, el segundo le llama</Unicode>
                </TextEquiv>
            </TextLine>
            <TextLine id="r1l28" custom="readingOrder {index:27;}">
                <Coords points="107,2705 300,2758 600,2765 933,2685 1205,2683 1200,2589 798,2642 712,2688 104,2660"/>
                <Baseline points="114,2691 168,2704 222,2714 276,2722 330,2726 384,2729 438,2730 493,2729 547,2726 601,2722 655,2717 709,2710 763,2704 817,2697 872,2690 926,2683 980,2677 1034,2671 1088,2666 1142,2662 1197,2660"/>
                <TextEquiv>
                    <Unicode>uan tlamacazquj, que es como dia</Unicode>
                </TextEquiv>
            </TextLine>
            <TextLine id="r1l29" custom="readingOrder {index:28;}">
                <Coords points="106,2811 491,2845 866,2798 907,2757 1064,2795 1171,2746 1169,2709 1039,2689 949,2732 686,2737 567,2778 348,2744 272,2781 102,2732"/>
                <Baseline points="113,2783 165,2794 218,2803 270,2811 323,2816 375,2819 428,2820 480,2819 533,2816 585,2814 638,2809 691,2804 743,2798 796,2791 848,2785 901,2778 953,2772 1006,2766 1058,2762 1111,2757 1164,2756"/>
                <TextEquiv>
                    <Unicode>cono: el tercero le llaman, tlena</Unicode>
                </TextEquiv>
            </TextLine>
            <TextLine id="r1l30" custom="readingOrder {index:29;}">
                <Coords points="106,2892 380,2962 465,2920 1151,2850 1149,2803 1037,2777 926,2827 523,2878 360,2880 103,2815"/>
                <Baseline points="113,2870 164,2882 216,2892 267,2900 319,2906 370,2908 422,2910 473,2909 525,2909 576,2906 628,2901 679,2896 731,2891 782,2885 834,2880 885,2874 937,2868 988,2863 1040,2858 1091,2853 1143,2850"/>
                <TextEquiv>
                    <Unicode>macac, que es como sacerdote.</Unicode>
                </TextEquiv>
            </TextLine>
            <TextLine id="r1l31" custom="readingOrder {index:30;}">
                <Coords points="101,2983 328,3022 618,3024 797,2975 879,3007 1177,2949 1174,2867 940,2923 764,2901 701,2949 550,2928 381,2961 98,2904"/>
                <Baseline points="107,2963 160,2974 213,2982 266,2989 319,2993 372,2996 425,2997 479,2997 532,2996 585,2993 638,2990 691,2986 744,2981 797,2976 851,2970 904,2965 957,2960 1010,2954 1063,2950 1116,2946 1170,2943"/>
                <TextEquiv>
                    <Unicode>Destos sacerdotes, los mejores ele</Unicode>
                </TextEquiv>
            </TextLine>
            <TextLine id="r1l32" custom="readingOrder {index:31;}">
                <Coords points="116,3105 182,3071 295,3130 373,3097 442,3139 504,3095 748,3119 827,3066 907,3099 1002,3047 1099,3084 1229,3046 1226,2985 963,2977 904,3015 369,3052 112,3009"/>
                <Baseline points="122,3056 179,3065 237,3074 295,3079 353,3083 411,3086 469,3086 526,3083 584,3081 642,3077 700,3073 758,3068 816,3062 873,3057 931,3051 989,3045 1047,3041 1105,3037 1163,3034 1221,3032"/>
                <TextEquiv>
                    <Unicode>sian, por summos pontifices, que</Unicode>
                </TextEquiv>
            </TextLine>
            <TextLine id="r1l33" custom="readingOrder {index:32;}">
                <Coords points="110,3150 462,3179 564,3224 632,3175 694,3203 789,3162 1061,3173 1200,3138 1208,3054 1070,3091 966,3057 912,3104 550,3148 294,3130 242,3085 207,3120 108,3108"/>
                <Baseline points="116,3140 170,3149 224,3156 279,3163 333,3166 387,3170 442,3171 496,3171 550,3171 605,3168 659,3166 713,3164 768,3159 822,3154 876,3149 931,3144 985,3138 1039,3133 1094,3126 1148,3122 1203,3116"/>
                <TextEquiv>
                    <Unicode>se llamauan, quequetzalcoa, que</Unicode>
                </TextEquiv>
            </TextLine>
            <TextLine id="r1l34" custom="readingOrder {index:33;}">
                <Coords points="110,3269 702,3286 850,3243 997,3265 1101,3220 1222,3230 1219,3149 1135,3143 578,3226 107,3186"/>
                <Baseline points="116,3230 170,3239 225,3246 280,3252 335,3257 390,3261 445,3263 500,3264 555,3264 610,3263 665,3261 719,3257 774,3254 829,3248 884,3242 939,3237 994,3230 1049,3224 1104,3215 1159,3208 1214,3200"/>
                <TextEquiv>
                    <Unicode>qujere dezir succesores de quetzal</Unicode>
                </TextEquiv>
            </TextLine>
            <TextLine id="r1l35" custom="readingOrder {index:34;}">
                <Coords points="116,3329 311,3397 841,3345 882,3376 945,3333 1069,3353 1256,3312 1254,3256 1167,3244 646,3313 114,3278"/>
                <Baseline points="122,3314 178,3326 234,3336 290,3344 347,3349 403,3354 459,3356 515,3357 572,3357 628,3354 684,3351 740,3347 797,3343 853,3338 909,3332 965,3326 1022,3320 1078,3314 1134,3308 1190,3302 1247,3297"/>
                <TextEquiv>
                    <Unicode>coatl. Jla vida que tenjan, y vsa</Unicode>
                </TextEquiv>
            </TextLine>
            <TextLine id="r1l36" custom="readingOrder {index:35;}">
                <Coords points="107,3416 515,3503 828,3442 960,3474 1068,3417 1187,3412 1205,3326 958,3382 914,3352 856,3394 792,3367 716,3409 106,3376"/>
                <Baseline points="114,3408 168,3419 222,3428 276,3436 331,3443 385,3446 439,3449 493,3450 548,3450 602,3450 656,3448 710,3445 765,3442 819,3438 873,3434 927,3427 982,3422 1036,3416 1090,3410 1144,3405 1199,3398"/>
                <TextEquiv>
                    <Unicode>uan los mjnistros de los ydolos</Unicode>
                </TextEquiv>
            </TextLine>
            <TextLine id="r1l37" custom="readingOrder {index:36;}">
                <Coords points="107,3515 295,3577 464,3552 521,3591 811,3529 863,3559 1009,3512 1208,3512 1185,3423 716,3500 106,3474"/>
                <Baseline points="114,3504 168,3516 222,3524 276,3533 331,3539 385,3543 439,3545 494,3548 548,3548 602,3548 657,3545 711,3543 765,3539 819,3534 874,3530 928,3524 982,3517 1037,3511 1091,3505 1145,3498 1200,3491"/>
                <TextEquiv>
                    <Unicode>rra aspera: pero la crianca de</Unicode>
                </TextEquiv>
            </TextLine>
            <TextLine id="r1l38" custom="readingOrder {index:37;}">
                <Coords points="112,3601 439,3666 913,3667 985,3625 1196,3615 1224,3541 758,3574 655,3622 551,3578 314,3600 111,3557"/>
                <Baseline points="119,3602 173,3613 228,3621 283,3629 338,3636 393,3640 448,3642 503,3644 558,3644 613,3644 668,3642 722,3639 777,3636 832,3632 887,3627 942,3622 997,3616 1052,3609 1107,3604 1162,3597 1217,3591"/>
                <TextEquiv>
                    <Unicode>los muchachos, estaua partida,</Unicode>
                </TextEquiv>
            </TextLine>
            <TextLine id="r1l39" custom="readingOrder {index:38;}">
                <Coords points="97,3723 680,3778 1201,3689 1191,3631 571,3704 96,3644"/>
                <Baseline points="104,3695 158,3706 213,3715 267,3722 322,3728 376,3733 431,3737 485,3738 540,3740 594,3740 649,3738 703,3737 758,3733 812,3729 867,3725 921,3719 976,3714 1030,3706 1085,3700 1139,3692 1194,3684"/>
                <TextEquiv>
                    <Unicode>y distinta en dos partes: la vna</Unicode>
                </TextEquiv>
            </TextLine>
            <TextLine id="r1l40" custom="readingOrder {index:39;}">
                <Coords points="121,3788 264,3840 599,3858 922,3813 1009,3840 1192,3779 1191,3722 1156,3706 1089,3760 803,3744 592,3789 120,3736"/>
                <Baseline points="128,3776 180,3789 233,3802 286,3812 339,3820 392,3825 444,3830 497,3831 550,3833 603,3832 656,3830 708,3828 761,3824 814,3819 867,3814 920,3807 972,3801 1025,3796 1078,3789 1131,3783 1184,3777"/>
                <TextEquiv>
                    <Unicode>era en la casa de calmecac, y la</Unicode>
                </TextEquiv>
            </TextLine>
            <TextLine id="r1l41" custom="readingOrder {index:40;}">
                <Coords points="123,3883 318,3970 457,3941 934,3957 980,3923 1100,3927 1101,3806 905,3856 681,3850 598,3888 123,3831"/>
                <Baseline points="131,3861 179,3873 227,3884 275,3893 323,3902 371,3908 419,3913 467,3918 515,3920 563,3921 611,3921 659,3920 707,3918 755,3915 803,3912 851,3908 899,3902 947,3896 995,3891 1043,3883 1092,3876"/>
                <TextEquiv>
                    <Unicode>otra en la casa de telpuchcali.</Unicode>
                </TextEquiv>
            </TextLine>
            <TextEquiv>
                <Unicode>del libro.
monasterio de calmecac. J por
esta causa, por la elecron que
hazia a vno se llamaua Que
tzaleoatl, o otro nombre totec
tlamacazquj: y el otro se lla
maua tlaloc tlamacazquj.
Jen la elecion, no se hazia ca
so del linaje, sino de las cos
tumbres, y exercicios, y doctri
nas, y buena vida: si las te
njan, los sumos sacerdotes, si
diujan castamente, y si guar
dauan todas las costumbres
que vsauan los mjnistros de los
ydolos: el que era virtuoso, y
humjlde, y pacifico, y conside
rado, y cuerdo yno liujano, y
Saue y riguroso, y zeloso enlas
costumbres, y amoroso, y mjseri,
vrdioso, y compasiuo, y amigo
de,
odos y deuoto, y temeroso de
dios. Los grados, por donde su
bia este tal, son estos: el prime
ro le llamauan tlamacazto, es co
mo acolito, el segundo le llama
uan tlamacazquj, que es como dia
cono: el tercero le llaman, tlena
macac, que es como sacerdote.
Destos sacerdotes, los mejores ele
sian, por summos pontifices, que
se llamauan, quequetzalcoa, que
qujere dezir succesores de quetzal
coatl. Jla vida que tenjan, y vsa
uan los mjnistros de los ydolos
rra aspera: pero la crianca de
los muchachos, estaua partida,
y distinta en dos partes: la vna
era en la casa de calmecac, y la
otra en la casa de telpuchcali.</Unicode>
            </TextEquiv>
        </TextRegion>
        <TextRegion orientation="0.0" id="r2" custom="readingOrder {index:1;}">
            <Coords points="1227,82 1227,4036 2496,4036 2496,82"/>
            <TextLine id="r2l1" custom="readingOrder {index:0;}">
                <Coords points="1438,176 1456,170 1484,183 1493,174 1515,172 1526,39 1477,44 1455,59 1448,58"/>
                <Baseline points="1448,150 1478,143 1509,155"/>
                <TextEquiv>
                    <Unicode>ql</Unicode>
                </TextEquiv>
            </TextLine>
            <TextLine id="r2l2" custom="readingOrder {index:1;}">
                <Coords points="2213,216 2235,219 2251,204 2296,195 2326,202 2347,220 2409,181 2434,193 2466,190 2470,101 2442,96 2416,116 2383,111 2348,120 2302,89 2255,118 2218,122"/>
                <Baseline points="2223,158 2249,163 2275,167 2301,170 2327,171 2354,171 2380,171 2406,171 2432,173 2459,176"/>
                <TextEquiv>
                    <Unicode>fo. 4o.</Unicode>
                </TextEquiv>
            </TextLine>
            <TextLine id="r2l3" custom="readingOrder {index:2;}">
                <Coords points="1220,396 1421,367 1525,414 1668,337 1850,328 2407,355 2387,267 2103,277 2020,222 1891,266 1566,250 1518,289 1218,302"/>
                <Baseline points="1227,372 1285,368 1344,363 1402,359 1461,354 1520,350 1578,346 1637,342 1696,338 1754,336 1813,333 1872,332 1930,330 1989,330 2048,330 2106,332 2165,333 2224,336 2282,341 2341,346 2400,353"/>
                <TextEquiv>
                    <Unicode>macazquj, anoço tlaloc motocaio</Unicode>
                </TextEquiv>
            </TextLine>
            <TextLine id="r2l4" custom="readingOrder {index:3;}">
                <Coords points="1223,500 2104,460 2402,495 2400,414 2220,402 2140,346 2049,410 1919,427 1650,363 1561,422 1221,419"/>
                <Baseline points="1230,489 1288,487 1346,483 1404,481 1462,478 1521,476 1579,473 1637,471 1695,469 1753,468 1812,465 1870,464 1928,464 1986,462 2044,462 2103,461 2161,461 2219,462 2277,462 2335,464 2394,465"/>
                <TextEquiv>
                    <Unicode>tia, amotlacamecaiotl motta</Unicode>
                </TextEquiv>
            </TextLine>
            <TextLine id="r2l5" custom="readingOrder {index:4;}">
                <Coords points="1228,615 1345,651 1409,608 1499,630 1672,588 1869,625 1958,594 2310,610 2384,599 2383,529 2126,532 2050,481 1947,525 1891,480 1808,508 1754,475 1619,532 1534,492 1472,545 1227,549"/>
                <Baseline points="1236,606 1293,603 1350,600 1407,597 1464,594 1521,591 1578,590 1635,588 1692,587 1749,585 1806,585 1863,585 1920,584 1977,584 2034,585 2091,585 2148,585 2205,587 2262,588 2319,590 2376,591"/>
                <TextEquiv>
                    <Unicode>ca qualnemiliztli, vel ie motta</Unicode>
                </TextEquiv>
            </TextLine>
            <TextLine id="r2l6" custom="readingOrder {index:5;}">
                <Coords points="1244,752 1853,715 1992,771 2071,730 2353,727 2398,714 2397,668 2215,603 2125,656 1931,645 1855,682 1627,627 1520,665 1385,626 1331,675 1242,672"/>
                <Baseline points="1251,743 1308,736 1365,730 1422,726 1479,722 1536,719 1593,716 1650,715 1707,714 1764,713 1821,713 1878,713 1935,714 1992,714 2049,714 2106,716 2163,716 2220,716 2277,716 2334,716 2391,714"/>
                <TextEquiv>
                    <Unicode>vel iemotemoa: in qualnem</Unicode>
                </TextEquiv>
            </TextLine>
            <TextLine id="r2l7" custom="readingOrder {index:6;}">
                <Coords points="1223,888 2372,865 2371,793 2247,741 2034,831 1888,738 1815,782 1511,782 1398,821 1222,760"/>
                <Baseline points="1230,867 1286,863 1343,860 1400,857 1456,854 1513,852 1570,851 1626,849 1683,848 1740,848 1797,846 1853,846 1910,846 1967,847 2023,848 2080,848 2137,849 2193,849 2250,851 2307,851 2364,852"/>
                <TextEquiv>
                    <Unicode>lice, in iecnemlice, in chipa</Unicode>
                </TextEquiv>
            </TextLine>
            <TextLine id="r2l8" custom="readingOrder {index:7;}">
                <Coords points="1238,1004 1394,1041 1625,981 1792,1024 1931,984 2015,1024 2414,1020 2413,938 2220,885 2096,910 1972,872 1893,923 1602,865 1399,945 1238,945"/>
                <Baseline points="1245,998 1303,993 1361,989 1419,987 1477,984 1535,983 1593,980 1651,980 1709,978 1767,978 1825,978 1883,978 1941,978 1999,978 2057,980 2115,981 2173,981 2231,983 2289,984 2347,986 2406,987"/>
                <TextEquiv>
                    <Unicode>oac yiollo, in qualli yiollo, injc</Unicode>
                </TextEquiv>
            </TextLine>
            <TextLine id="r2l9" custom="readingOrder {index:8;}">
                <Coords points="1239,1154 1392,1134 1475,1179 1550,1128 1726,1108 2244,1151 2429,1107 2428,1066 2341,1030 2250,1013 2104,1063 1928,1002 1757,1052 1661,1010 1580,1060 1238,1070"/>
                <Baseline points="1245,1128 1303,1125 1362,1123 1421,1121 1480,1118 1539,1116 1597,1115 1656,1113 1715,1112 1774,1110 1833,1110 1891,1109 1950,1109 2009,1109 2068,1109 2127,1109 2185,1110 2244,1110 2303,1112 2362,1113 2421,1115"/>
                <TextEquiv>
                    <Unicode>noio yiollo, in tlapaccaihjiovi</Unicode>
                </TextEquiv>
            </TextLine>
            <TextLine id="r2l10" custom="readingOrder {index:9;}">
                <Coords points="1247,1279 1386,1302 1574,1262 1680,1302 1874,1247 2367,1280 2399,1176 2344,1146 2036,1208 1890,1190 1828,1137 1727,1174 1625,1142 1511,1198 1246,1211"/>
                <Baseline points="1254,1263 1313,1260 1373,1257 1433,1256 1493,1254 1553,1254 1613,1253 1673,1253 1733,1251 1793,1251 1853,1251 1913,1251 1973,1251 2033,1251 2093,1251 2153,1251 2213,1250 2273,1250 2333,1248 2393,1247"/>
                <TextEquiv>
                    <Unicode>anj, in tlatepitzviam, in tlaiolic</Unicode>
                </TextEquiv>
            </TextLine>
            <TextLine id="r2l11" custom="readingOrder {index:10;}">
                <Coords points="1249,1404 1412,1429 1826,1387 2171,1435 2244,1396 2449,1400 2449,1291 2237,1348 2086,1305 1535,1348 1249,1317"/>
                <Baseline points="1257,1394 1316,1391 1375,1389 1434,1388 1494,1386 1553,1386 1612,1386 1671,1386 1731,1386 1790,1386 1849,1388 1908,1388 1968,1388 2027,1388 2086,1388 2145,1388 2205,1388 2264,1386 2323,1385 2382,1383 2442,1380"/>
                <TextEquiv>
                    <Unicode>vianj, in amomocivianj, iniollo</Unicode>
                </TextEquiv>
            </TextLine>
            <TextLine id="r2l12" custom="readingOrder {index:11;}">
                <Coords points="1250,1538 1943,1517 2111,1564 2407,1525 2407,1416 2213,1470 2064,1413 1995,1449 1866,1406 1624,1493 1351,1415 1250,1468"/>
                <Baseline points="1257,1529 1314,1523 1371,1519 1428,1517 1485,1514 1542,1512 1599,1511 1657,1511 1714,1511 1771,1512 1828,1512 1885,1514 1942,1515 1999,1516 2057,1517 2114,1518 2171,1518 2228,1518 2285,1518 2342,1517 2400,1515"/>
                <TextEquiv>
                    <Unicode>chicaoac, in iollotetl, yn iollo</Unicode>
                </TextEquiv>
            </TextLine>
            <TextLine id="r2l13" custom="readingOrder {index:12;}">
                <Coords points="1245,1657 1628,1639 1908,1698 2089,1653 2176,1691 2401,1658 2402,1565 2198,1598 2067,1546 1894,1586 1747,1541 1581,1585 1474,1545 1245,1595"/>
                <Baseline points="1253,1653 1310,1649 1367,1644 1424,1641 1481,1640 1538,1638 1595,1637 1652,1636 1709,1635 1766,1635 1823,1637 1880,1637 1937,1638 1994,1640 2051,1640 2108,1641 2165,1643 2222,1644 2279,1646 2336,1646 2394,1647"/>
                <TextEquiv>
                    <Unicode>chichic, in tepepepetlanj, inte</Unicode>
                </TextEquiv>
            </TextLine>
            <TextLine id="r2l14" custom="readingOrder {index:13;}">
                <Coords points="1251,1782 1605,1773 1673,1815 1771,1772 2133,1771 2245,1810 2442,1785 2442,1714 2321,1720 2216,1671 2106,1719 2037,1671 1973,1708 1646,1712 1568,1669 1501,1709 1251,1709"/>
                <Baseline points="1259,1769 1317,1769 1376,1770 1435,1770 1494,1770 1553,1770 1611,1770 1670,1770 1729,1770 1788,1770 1847,1770 1905,1770 1964,1770 2023,1770 2082,1770 2141,1770 2199,1770 2258,1770 2317,1770 2376,1772 2435,1772"/>
                <TextEquiv>
                    <Unicode>macochoanj, in tetlacotlanj, in</Unicode>
                </TextEquiv>
            </TextLine>
            <TextLine id="r2l15" custom="readingOrder {index:14;}">
                <Coords points="1253,1921 1572,1908 1684,1950 2194,1902 2406,1947 2405,1848 2247,1843 2197,1794 2095,1852 1940,1811 1784,1871 1588,1796 1470,1857 1402,1795 1252,1828"/>
                <Baseline points="1260,1914 1319,1913 1379,1911 1439,1910 1499,1908 1559,1908 1619,1907 1679,1907 1739,1905 1799,1905 1859,1904 1919,1904 1979,1902 2039,1902 2099,1902 2159,1901 2219,1901 2279,1901 2339,1899 2399,1899"/>
                <TextEquiv>
                    <Unicode>tetlaoculianj, intoca chocanj,</Unicode>
                </TextEquiv>
            </TextLine>
            <TextLine id="r2l16" custom="readingOrder {index:15;}">
                <Coords points="1262,2106 1426,2057 1735,2105 1883,2049 2335,2061 2425,2040 2422,1939 2018,1981 1915,1927 1780,1993 1623,1989 1569,1947 1497,1996 1258,1979"/>
                <Baseline points="1268,2058 1325,2058 1383,2057 1440,2055 1498,2055 1555,2054 1613,2052 1670,2051 1728,2049 1785,2047 1843,2045 1900,2043 1958,2042 2015,2039 2073,2037 2130,2036 2188,2033 2245,2031 2303,2028 2360,2027 2418,2025"/>
                <TextEquiv>
                    <Unicode>ymauhquj yiollo, in mjtoate</Unicode>
                </TextEquiv>
            </TextLine>
            <TextLine id="r2l17" custom="readingOrder {index:16;}">
                <Coords points="1246,2212 1318,2205 1390,2262 1433,2220 1782,2180 2425,2184 2435,2087 2371,2062 2225,2118 2120,2058 2038,2116 1932,2120 1810,2070 1661,2141 1584,2085 1473,2138 1369,2067 1243,2125"/>
                <Baseline points="1253,2195 1311,2195 1370,2193 1429,2193 1488,2192 1547,2190 1606,2187 1664,2186 1723,2183 1782,2181 1841,2178 1900,2176 1959,2174 2018,2171 2076,2169 2135,2167 2194,2165 2253,2163 2312,2163 2371,2162 2430,2162"/>
                <TextEquiv>
                    <Unicode>utl yiollo, in tlateumatim, intru</Unicode>
                </TextEquiv>
            </TextLine>
            <TextLine id="r2l18" custom="readingOrder {index:17;}">
                <Coords points="1253,2343 2431,2307 2432,2221 2279,2195 1950,2243 1870,2193 1673,2275 1348,2255 1251,2294"/>
                <Baseline points="1260,2333 1318,2329 1376,2325 1434,2323 1493,2320 1551,2318 1609,2315 1668,2312 1726,2309 1784,2307 1843,2304 1901,2301 1959,2300 2017,2297 2076,2294 2134,2292 2192,2291 2251,2288 2309,2286 2367,2285 2426,2282"/>
                <TextEquiv>
                    <Unicode>imacacinj, in chocanj, in tlaocu</Unicode>
                </TextEquiv>
            </TextLine>
            <TextLine id="r2l19" custom="readingOrder {index:18;}">
                <Coords points="1251,2473 2437,2461 2447,2327 2286,2381 2042,2317 1867,2388 1683,2338 1498,2407 1250,2397"/>
                <Baseline points="1259,2465 1318,2461 1377,2457 1436,2455 1495,2453 1554,2450 1613,2449 1672,2447 1731,2447 1790,2445 1850,2445 1909,2444 1968,2444 2027,2444 2086,2442 2145,2442 2204,2441 2263,2439 2322,2439 2381,2437 2441,2435"/>
                <TextEquiv>
                    <Unicode>ianj, in el ciciinj: Auh injc oal</Unicode>
                </TextEquiv>
            </TextLine>
            <TextLine id="r2l20" custom="readingOrder {index:19;}">
                <Coords points="1277,2619 1425,2644 1586,2581 1774,2571 2438,2608 2434,2484 2344,2522 1945,2470 1868,2522 1711,2484 1548,2543 1482,2508 1395,2545 1274,2526"/>
                <Baseline points="1284,2606 1341,2599 1398,2594 1455,2588 1513,2583 1570,2580 1627,2576 1685,2574 1742,2571 1799,2570 1857,2568 1914,2567 1971,2567 2028,2565 2086,2565 2143,2565 2200,2564 2258,2564 2315,2563 2372,2562 2430,2561"/>
                <TextEquiv>
                    <Unicode>beoay, oc itoca tlamacazto, nj</Unicode>
                </TextEquiv>
            </TextLine>
            <TextLine id="r2l21" custom="readingOrder {index:20;}">
                <Coords points="1275,2750 1778,2702 1959,2748 2084,2693 2184,2731 2291,2692 2415,2707 2428,2615 2133,2674 2044,2621 1764,2642 1685,2607 1554,2660 1272,2668"/>
                <Baseline points="1281,2732 1338,2726 1395,2720 1452,2717 1509,2712 1566,2709 1623,2706 1680,2704 1737,2703 1794,2700 1852,2699 1909,2697 1966,2696 2023,2696 2080,2694 2137,2693 2194,2691 2251,2690 2308,2688 2365,2685 2423,2684"/>
                <TextEquiv>
                    <Unicode>man ie tlamacatzqui, njman</Unicode>
                </TextEquiv>
            </TextLine>
            <TextLine id="r2l22" custom="readingOrder {index:21;}">
                <Coords points="1283,2883 2111,2831 2437,2876 2432,2741 1917,2771 1868,2812 1727,2764 1487,2781 1441,2744 1280,2792"/>
                <Baseline points="1290,2868 1346,2862 1403,2857 1460,2853 1517,2849 1574,2845 1631,2843 1687,2840 1744,2837 1801,2835 1858,2834 1915,2832 1972,2831 2029,2829 2085,2828 2142,2826 2199,2825 2256,2823 2313,2821 2370,2819 2427,2816"/>
                <TextEquiv>
                    <Unicode>ic tlenamacac, ie mavisstiy, nj</Unicode>
                </TextEquiv>
            </TextLine>
            <TextLine id="r2l23" custom="readingOrder {index:22;}">
                <Coords points="1281,3014 1826,2962 2190,3005 2458,2957 2456,2900 1278,2929"/>
                <Baseline points="1287,2996 1345,2989 1403,2985 1461,2980 1519,2976 1578,2973 1636,2970 1694,2969 1752,2967 1810,2966 1869,2966 1927,2965 1985,2964 2043,2964 2101,2963 2160,2963 2218,2961 2276,2960 2334,2958 2392,2957 2451,2954"/>
                <TextEquiv>
                    <Unicode>man ic vncan ano y, in mjtoa</Unicode>
                </TextEquiv>
            </TextLine>
            <TextLine id="r2l24" custom="readingOrder {index:23;}">
                <Coords points="1296,3189 1375,3136 1706,3108 1972,3101 2030,3139 2464,3108 2462,3053 2322,3000 2238,3044 2075,3046 1899,2982 1843,3028 1769,2991 1705,3047 1608,3009 1544,3060 1493,3025 1293,3078"/>
                <Baseline points="1302,3134 1359,3129 1417,3123 1475,3119 1533,3115 1590,3111 1648,3107 1706,3104 1764,3102 1821,3099 1879,3098 1937,3096 1995,3095 2052,3095 2110,3095 2168,3095 2226,3096 2283,3098 2341,3100 2399,3103 2457,3107"/>
                <TextEquiv>
                    <Unicode>quetzalcoatl. Auh ynjn tlama</Unicode>
                </TextEquiv>
            </TextLine>
            <TextLine id="r2l25" custom="readingOrder {index:24;}">
                <Coords points="1295,3291 1534,3249 1666,3280 1844,3240 2382,3255 2446,3235 2445,3173 2193,3178 2091,3120 1967,3175 1707,3180 1637,3134 1559,3185 1294,3217"/>
                <Baseline points="1302,3267 1358,3260 1415,3254 1472,3249 1529,3246 1586,3242 1643,3240 1699,3237 1756,3236 1813,3234 1870,3234 1927,3233 1984,3233 2041,3233 2097,3234 2154,3234 2211,3234 2268,3236 2325,3236 2382,3237 2439,3237"/>
                <TextEquiv>
                    <Unicode>caszcaiotl, çaçanveli, caçan</Unicode>
                </TextEquiv>
            </TextLine>
            <TextLine id="r2l26" custom="readingOrder {index:25;}">
                <Coords points="1286,3452 1427,3386 1723,3429 1889,3370 2141,3377 2302,3446 2449,3394 2449,3324 1672,3326 1525,3266 1285,3358"/>
                <Baseline points="1293,3399 1350,3392 1407,3387 1465,3383 1522,3379 1580,3377 1637,3374 1695,3372 1752,3371 1810,3369 1867,3369 1924,3369 1982,3369 2039,3371 2097,3372 2154,3374 2212,3375 2269,3378 2327,3381 2384,3383 2442,3386"/>
                <TextEquiv>
                    <Unicode>qualli yn ipan nenca, in qui</Unicode>
                </TextEquiv>
            </TextLine>
            <TextLine id="r2l27" custom="readingOrder {index:26;}">
                <Coords points="1277,3547 1822,3498 1951,3541 2043,3516 2088,3561 2406,3550 2485,3521 2485,3424 2343,3478 2157,3434 1734,3449 1641,3399 1277,3492"/>
                <Baseline points="1284,3540 1343,3531 1403,3522 1463,3516 1522,3510 1582,3506 1642,3503 1701,3501 1761,3500 1821,3500 1881,3500 1940,3501 2000,3503 2060,3506 2119,3508 2179,3511 2239,3513 2298,3516 2358,3521 2418,3523 2478,3525"/>
                <TextEquiv>
                    <Unicode>monemiliztiaia, ipampa yn achi</Unicode>
                </TextEquiv>
            </TextLine>
            <TextLine id="r2l28" custom="readingOrder {index:27;}">
                <Coords points="1295,3688 1438,3708 1887,3646 2495,3669 2503,3566 2311,3589 2240,3552 2143,3601 1767,3533 1698,3580 1294,3622"/>
                <Baseline points="1302,3674 1361,3664 1421,3657 1481,3652 1540,3647 1600,3643 1660,3641 1719,3641 1779,3639 1839,3639 1899,3641 1958,3641 2018,3642 2078,3644 2137,3644 2197,3644 2257,3644 2316,3644 2376,3642 2436,3639 2496,3635"/>
                <TextEquiv>
                    <Unicode>ovi ynnemiliztli catca tlamacaz</Unicode>
                </TextEquiv>
            </TextLine>
            <TextLine id="r2l29" custom="readingOrder {index:28;}">
                <Coords points="1319,3833 1477,3765 1587,3802 2502,3755 2501,3695 2134,3660 2061,3720 1593,3684 1517,3741 1317,3739"/>
                <Baseline points="1325,3788 1383,3780 1442,3774 1500,3770 1559,3767 1617,3764 1676,3762 1734,3762 1793,3761 1851,3761 1910,3761 1968,3761 2027,3761 2085,3761 2144,3759 2202,3758 2261,3756 2319,3753 2378,3749 2436,3744 2495,3737"/>
                <TextEquiv>
                    <Unicode>que. Çan vnean xeliuhticatca</Unicode>
                </TextEquiv>
            </TextLine>
            <TextLine id="r2l30" custom="readingOrder {index:29;}">
                <Coords points="1319,3945 1498,3882 1622,3929 1664,3887 1787,3874 2034,3910 2428,3876 2441,3794 2211,3816 2158,3776 2078,3819 2019,3773 1941,3814 1891,3772 1806,3820 1317,3836"/>
                <Baseline points="1326,3900 1381,3892 1436,3885 1492,3881 1547,3876 1603,3873 1658,3872 1714,3870 1769,3870 1825,3870 1880,3870 1935,3870 1991,3871 2046,3872 2102,3872 2157,3870 2213,3870 2268,3869 2324,3866 2379,3861 2435,3857"/>
                <TextEquiv>
                    <Unicode>ynneoapaoaliztli, tlamacao</Unicode>
                </TextEquiv>
            </TextLine>
            <TextLine id="r2l31" custom="readingOrder {index:30;}">
                <Coords points="1325,4024 2276,4015 2373,3967 2371,3904 2241,3937 2075,3886 2019,3922 1925,3882 1834,3918 1732,3885 1622,3929 1562,3880 1322,3953"/>
                <Baseline points="1332,4011 1383,4004 1435,3998 1487,3995 1538,3992 1590,3989 1642,3987 1693,3987 1745,3986 1797,3986 1849,3986 1900,3986 1952,3986 2004,3984 2055,3984 2107,3981 2159,3979 2210,3975 2262,3971 2314,3963 2366,3954"/>
                <TextEquiv>
                    <Unicode>caiotl, telpuchiotl. Eja</Unicode>
                </TextEquiv>
            </TextLine>
            <TextEquiv>
                <Unicode>ql
fo. 4o.
macazquj, anoço tlaloc motocaio
tia, amotlacamecaiotl motta
ca qualnemiliztli, vel ie motta
vel iemotemoa: in qualnem
lice, in iecnemlice, in chipa
oac yiollo, in qualli yiollo, injc
noio yiollo, in tlapaccaihjiovi
anj, in tlatepitzviam, in tlaiolic
vianj, in amomocivianj, iniollo
chicaoac, in iollotetl, yn iollo
chichic, in tepepepetlanj, inte
macochoanj, in tetlacotlanj, in
tetlaoculianj, intoca chocanj,
ymauhquj yiollo, in mjtoate
utl yiollo, in tlateumatim, intru
imacacinj, in chocanj, in tlaocu
ianj, in el ciciinj: Auh injc oal
beoay, oc itoca tlamacazto, nj
man ie tlamacatzqui, njman
ic tlenamacac, ie mavisstiy, nj
man ic vncan ano y, in mjtoa
quetzalcoatl. Auh ynjn tlama
caszcaiotl, çaçanveli, caçan
qualli yn ipan nenca, in qui
monemiliztiaia, ipampa yn achi
ovi ynnemiliztli catca tlamacaz
que. Çan vnean xeliuhticatca
ynneoapaoaliztli, tlamacao
caiotl, telpuchiotl. Eja</Unicode>
            </TextEquiv>
        </TextRegion>
        <TextRegion orientation="0.0" id="r3" custom="readingOrder {index:2;}">
            <Coords points="2465,3992 2465,4142 2510,4142 2510,3992"/>
            <TextLine id="r3l1" custom="readingOrder {index:0;}">
                <Coords points="2457,4132 2472,4133 2477,4129 2492,4142 2499,4139 2517,4141 2517,4018 2499,4017 2484,4030 2471,4023 2457,4026"/>
                <Baseline points="2465,4092 2510,4092"/>
                <TextEquiv>
                    <Unicode>El</Unicode>
                </TextEquiv>
            </TextLine>
            <TextEquiv>
                <Unicode>El</Unicode>
            </TextEquiv>
        </TextRegion>
    </Page>
</PcGts>
