<?xml version="1.0" encoding="UTF-8" standalone="yes"?>
<PcGts xmlns="http://schema.primaresearch.org/PAGE/gts/pagecontent/2013-07-15" xmlns:xsi="http://www.w3.org/2001/XMLSchema-instance" xsi:schemaLocation="http://schema.primaresearch.org/PAGE/gts/pagecontent/2013-07-15 http://schema.primaresearch.org/PAGE/gts/pagecontent/2013-07-15/pagecontent.xsd">
    <Metadata>
        <Creator>prov=University of Rostock/Institute of Mathematics/CITlab|PLANET AI GmbH/Gundram Leifert/gundram.leifert@planet-ai.de:name=Florentine Codex(htr_id=24784)::::v=2.6.6
prov=University of Rostock/Institute of Mathematics/CITlab|PLANET AI GmbH/Tobias Gruening/tobias.gruening@planet-ai.de:name=de.uros.citlab.module.baseline2polygon.B2PSeamMultiOriented:v=2.6.6
prov=University of Rostock/Institute of Mathematics/CITlab|PLANET AI GmbH/Tobias Gruening/tobias.gruening@planet-ai.de:name=/net_tf/LA73_249_0mod360.pb:de.uros.citlab.segmentation.CITlab_LA_ML:v=2.6.6
Transkribus</Creator>
        <Created>2020-06-23T15:23:44.046-07:00</Created>
        <LastChange>2020-06-24T07:24:16.581+02:00</LastChange>
    </Metadata>
    <Page imageFilename="FC_Vol_1_336.png" imageWidth="2558" imageHeight="4060">
        <ReadingOrder>
            <OrderedGroup id="ro_1596736952362" caption="Regions reading order">
                <RegionRefIndexed index="0" regionRef="r1"/>
                <RegionRefIndexed index="1" regionRef="r2"/>
            </OrderedGroup>
        </ReadingOrder>
        <TextRegion orientation="0.0" id="r1" custom="readingOrder {index:0;}">
            <Coords points="41,112 41,3996 1326,3996 1326,112"/>
            <TextLine id="r1l1" custom="readingOrder {index:0;}">
                <Coords points="865,200 907,203 947,235 997,224 1057,179 1107,191 1148,175 1261,199 1330,185 1328,88 1274,97 1242,69 1061,101 1026,94 982,53 894,117 864,116"/>
                <Baseline points="873,168 899,168 925,168 952,168 978,170 1005,170 1031,170 1057,170 1084,170 1110,170 1137,170 1163,170 1189,168 1216,168 1242,167 1269,164 1295,162 1322,158"/>
                <TextEquiv>
                    <Unicode>Apendos</Unicode>
                </TextEquiv>
            </TextLine>
            <TextLine id="r1l2" custom="readingOrder {index:1;}">
                <Coords points="64,396 279,340 1000,366 1052,336 1152,369 1277,341 1277,263 1138,238 1030,283 883,249 675,285 527,243 391,283 64,280"/>
                <Baseline points="72,333 131,333 191,332 251,332 311,332 371,332 431,332 490,332 550,332 610,332 670,332 730,333 790,333 850,333 909,333 969,333 1029,333 1089,332 1149,332 1209,332 1269,330"/>
                <TextEquiv>
                    <Unicode>ayunauan todos ocho dias apan y a</Unicode>
                </TextEquiv>
            </TextLine>
            <TextLine id="r1l3" custom="readingOrder {index:2;}">
                <Coords points="72,477 360,420 1226,450 1322,410 1322,332 899,375 514,339 72,410"/>
                <Baseline points="80,423 141,420 203,419 265,417 326,416 388,416 450,414 511,414 573,414 635,414 697,416 758,416 820,416 882,416 943,416 1005,414 1067,414 1128,413 1190,410 1252,408 1314,405"/>
                <TextEquiv>
                    <Unicode>gua, como esta dicho. Alos tamales</Unicode>
                </TextEquiv>
            </TextLine>
            <TextLine id="r1l4" custom="readingOrder {index:3;}">
                <Coords points="77,552 419,502 1316,526 1315,426 145,435 76,481"/>
                <Baseline points="84,503 145,501 206,498 267,495 328,494 390,492 451,491 512,491 573,489 634,489 696,489 757,489 818,489 879,489 940,489 1002,489 1063,489 1124,489 1185,488 1246,488 1308,486"/>
                <TextEquiv>
                    <Unicode>que comjan, enestos dias, llamauā</Unicode>
                </TextEquiv>
            </TextLine>
            <TextLine id="r1l5" custom="readingOrder {index:4;}">
                <Coords points="68,614 386,585 428,621 621,587 796,618 915,571 1285,609 1294,518 491,507 66,551"/>
                <Baseline points="74,587 134,585 195,584 255,582 316,580 377,578 437,576 498,575 559,573 619,572 680,570 741,568 801,567 862,564 923,563 983,562 1044,561 1105,560 1165,558 1226,558 1287,557"/>
                <TextEquiv>
                    <Unicode>atamalli: porque ninguna cosa mez</Unicode>
                </TextEquiv>
            </TextLine>
            <TextLine id="r1l6" custom="readingOrder {index:5;}">
                <Coords points="76,700 519,666 651,710 724,674 1023,698 1109,660 1308,699 1307,606 927,573 870,623 153,596 75,631"/>
                <Baseline points="84,666 144,666 205,666 266,666 327,665 387,663 448,663 509,662 570,660 630,658 691,657 752,655 813,653 873,652 934,651 995,650 1056,648 1116,648 1177,647 1238,647 1299,647"/>
                <TextEquiv>
                    <Unicode>clauan conellos, quando les hazian:</Unicode>
                </TextEquiv>
            </TextLine>
            <TextLine id="r1l7" custom="readingOrder {index:6;}">
                <Coords points="68,792 594,750 862,793 962,761 1317,783 1316,696 1159,706 1118,666 818,714 699,683 352,709 301,674 67,700"/>
                <Baseline points="75,756 136,755 198,755 259,753 321,752 383,750 444,749 506,747 568,746 629,744 691,743 753,743 814,741 876,740 938,740 999,738 1061,738 1123,737 1184,737 1246,738 1308,738"/>
                <TextEquiv>
                    <Unicode>nj sal, nj otra cosa, sino sola agua:</Unicode>
                </TextEquiv>
            </TextLine>
            <TextLine id="r1l8" custom="readingOrder {index:7;}">
                <Coords points="59,878 793,837 1245,874 1303,849 1303,786 749,793 664,755 613,789 168,764 59,799"/>
                <Baseline points="66,848 127,845 189,842 250,839 312,836 373,834 435,832 496,831 558,830 619,828 681,828 742,828 804,828 865,828 927,830 988,830 1050,831 1111,833 1173,836 1234,837 1296,839"/>
                <TextEquiv>
                    <Unicode>nj cozian el mahiz, concal, sino con</Unicode>
                </TextEquiv>
            </TextLine>
            <TextLine id="r1l9" custom="readingOrder {index:8;}">
                <Coords points="71,957 1223,967 1322,925 1322,863 912,875 824,839 653,877 531,842 70,885"/>
                <Baseline points="78,939 139,935 201,932 263,929 325,926 387,923 448,921 510,918 572,917 634,915 696,915 757,914 819,914 881,914 943,915 1005,915 1066,917 1128,918 1190,920 1252,923 1314,926"/>
                <TextEquiv>
                    <Unicode>sola agua. Y todos comjan al medio</Unicode>
                </TextEquiv>
            </TextLine>
            <TextLine id="r1l10" custom="readingOrder {index:9;}">
                <Coords points="71,1046 240,1074 357,1031 456,1075 596,1030 1290,1044 1277,947 70,977"/>
                <Baseline points="78,1031 138,1029 198,1028 258,1026 318,1023 378,1022 438,1019 499,1017 559,1015 619,1013 679,1012 739,1010 799,1009 859,1008 920,1008 980,1008 1040,1008 1100,1008 1160,1011 1220,1012 1281,1016"/>
                <TextEquiv>
                    <Unicode>dia, y si alguno no ayunaua, casti</Unicode>
                </TextEquiv>
            </TextLine>
            <TextLine id="r1l11" custom="readingOrder {index:10;}">
                <Coords points="54,1185 268,1122 1003,1144 1298,1100 1296,1044 1204,1038 51,1073"/>
                <Baseline points="60,1125 121,1121 183,1117 244,1114 306,1112 367,1109 429,1106 490,1104 552,1101 613,1100 675,1098 736,1097 798,1095 859,1094 921,1094 982,1092 1044,1092 1105,1092 1167,1092 1228,1093 1290,1094"/>
                <TextEquiv>
                    <Unicode>gauanle por ello: tenjan en gran re</Unicode>
                </TextEquiv>
            </TextLine>
            <TextLine id="r1l12" custom="readingOrder {index:11;}">
                <Coords points="83,1212 356,1237 638,1195 894,1231 1043,1174 1289,1195 1288,1132 82,1162"/>
                <Baseline points="90,1206 149,1202 209,1199 268,1196 328,1194 387,1191 447,1190 506,1188 566,1187 625,1185 685,1185 745,1185 804,1184 864,1184 923,1184 983,1184 1042,1184 1102,1184 1161,1184 1221,1184 1281,1184"/>
                <TextEquiv>
                    <Unicode>uerencia, este ayuno, y enoran te</Unicode>
                </TextEquiv>
            </TextLine>
            <TextLine id="r1l13" custom="readingOrder {index:12;}">
                <Coords points="68,1314 832,1334 977,1279 1096,1333 1174,1282 1334,1290 1333,1233 1080,1236 1007,1182 840,1249 640,1196 560,1239 67,1248"/>
                <Baseline points="75,1295 137,1290 200,1287 262,1284 325,1283 387,1281 450,1279 512,1278 575,1277 637,1277 700,1277 763,1277 825,1277 888,1277 950,1277 1013,1277 1075,1278 1138,1278 1200,1278 1263,1278 1326,1278"/>
                <TextEquiv>
                    <Unicode>mor: porque dezian, que los que no</Unicode>
                </TextEquiv>
            </TextLine>
            <TextLine id="r1l14" custom="readingOrder {index:13;}">
                <Coords points="70,1406 751,1419 803,1376 891,1423 975,1376 1316,1381 1315,1320 987,1304 929,1338 647,1309 70,1345"/>
                <Baseline points="78,1386 139,1383 201,1380 262,1378 324,1376 385,1374 447,1373 508,1372 570,1371 631,1371 693,1370 754,1370 816,1370 877,1370 939,1371 1000,1371 1062,1371 1123,1371 1185,1371 1246,1371 1308,1371"/>
                <TextEquiv>
                    <Unicode>le ayunauan, aunque secretamen</Unicode>
                </TextEquiv>
            </TextLine>
            <TextLine id="r1l15" custom="readingOrder {index:14;}">
                <Coords points="82,1499 252,1528 455,1476 616,1514 747,1466 940,1510 1005,1467 1303,1478 1302,1392 1111,1373 975,1376 928,1421 787,1390 523,1440 402,1392 82,1439"/>
                <Baseline points="90,1475 150,1472 210,1471 270,1469 331,1468 391,1467 451,1466 511,1466 572,1466 632,1464 692,1464 752,1464 813,1464 873,1464 933,1464 993,1463 1054,1463 1114,1463 1174,1461 1234,1461 1295,1460"/>
                <TextEquiv>
                    <Unicode>te comjessen, y no lo supiesse nadie:</Unicode>
                </TextEquiv>
            </TextLine>
            <TextLine id="r1l16" custom="readingOrder {index:15;}">
                <Coords points="68,1586 323,1570 472,1608 711,1554 1307,1562 1307,1489 1125,1462 815,1511 749,1477 676,1528 461,1479 329,1531 67,1505"/>
                <Baseline points="75,1571 136,1567 197,1564 258,1562 319,1559 381,1557 442,1556 503,1556 564,1554 625,1554 687,1554 748,1555 809,1556 870,1556 931,1556 993,1556 1054,1556 1115,1554 1176,1554 1237,1553 1299,1551"/>
                <TextEquiv>
                    <Unicode>dios los castigaua, hiriendolos con le</Unicode>
                </TextEquiv>
            </TextLine>
            <TextLine id="r1l17" custom="readingOrder {index:16;}">
                <Coords points="72,1688 1298,1657 1297,1568 1260,1554 1026,1560 950,1614 795,1566 706,1602 72,1593"/>
                <Baseline points="80,1656 140,1656 200,1655 261,1655 321,1653 382,1653 442,1652 503,1652 563,1651 624,1650 684,1650 744,1649 805,1649 865,1649 926,1649 986,1649 1047,1649 1107,1650 1168,1650 1228,1652 1289,1653"/>
                <TextEquiv>
                    <Unicode>pra. A esta fiesta llamauan yxnes</Unicode>
                </TextEquiv>
            </TextLine>
            <TextLine id="r1l18" custom="readingOrder {index:17;}">
                <Coords points="64,1762 250,1802 823,1742 1294,1762 1325,1701 1248,1654 995,1710 707,1663 638,1709 63,1695"/>
                <Baseline points="72,1745 134,1745 196,1746 258,1746 321,1746 383,1746 445,1746 507,1746 570,1745 632,1745 694,1743 756,1743 819,1742 881,1742 943,1742 1005,1740 1068,1740 1130,1740 1192,1742 1254,1742 1317,1743"/>
                <TextEquiv>
                    <Unicode>tioa, que qujere dezir: buscar ventu</Unicode>
                </TextEquiv>
            </TextLine>
            <TextLine id="r1l19" custom="readingOrder {index:18;}">
                <Coords points="79,1854 404,1899 602,1861 722,1894 782,1842 867,1896 1062,1836 1283,1859 1282,1764 1147,1752 1090,1805 926,1819 740,1750 663,1793 393,1760 333,1806 79,1796"/>
                <Baseline points="87,1851 146,1851 205,1850 265,1848 324,1848 384,1847 443,1845 502,1845 562,1844 621,1844 681,1842 740,1842 799,1841 859,1841 918,1841 978,1841 1037,1839 1096,1839 1156,1841 1215,1841 1275,1841"/>
                <TextEquiv>
                    <Unicode>ra enesta fiesta dezian, que bayla</Unicode>
                </TextEquiv>
            </TextLine>
            <TextLine id="r1l20" custom="readingOrder {index:19;}">
                <Coords points="64,1976 855,1996 947,1959 1054,1999 1166,1940 1286,1943 1285,1858 1217,1844 891,1903 609,1862 561,1900 509,1866 464,1909 371,1874 236,1916 63,1873"/>
                <Baseline points="72,1961 132,1957 192,1955 252,1953 313,1950 373,1949 433,1947 494,1946 554,1944 614,1944 675,1943 735,1943 795,1942 855,1941 916,1941 976,1941 1036,1941 1097,1941 1157,1941 1217,1941 1278,1941"/>
                <TextEquiv>
                    <Unicode>uan todos los dioses: y assi todos los</Unicode>
                </TextEquiv>
            </TextLine>
            <TextLine id="r1l21" custom="readingOrder {index:20;}">
                <Coords points="79,2109 227,2057 309,2093 531,2048 1117,2093 1275,2066 1293,2010 826,1980 632,2011 393,1973 78,2026"/>
                <Baseline points="87,2064 150,2060 213,2055 276,2052 339,2050 402,2048 465,2046 528,2045 591,2043 654,2043 718,2043 781,2043 844,2043 907,2043 970,2045 1033,2045 1096,2046 1159,2046 1222,2048 1286,2048"/>
                <TextEquiv>
                    <Unicode>que baylauan, se ataujauan, con</Unicode>
                </TextEquiv>
            </TextLine>
            <TextLine id="r1l22" custom="readingOrder {index:21;}">
                <Coords points="82,2174 1302,2177 1282,2062 1231,2099 790,2107 688,2056 616,2100 146,2074 81,2108"/>
                <Baseline points="89,2162 149,2159 209,2155 269,2153 329,2151 390,2148 450,2147 510,2145 570,2144 630,2142 691,2141 751,2141 811,2139 871,2139 931,2138 992,2138 1052,2136 1112,2135 1172,2134 1232,2133 1293,2132"/>
                <TextEquiv>
                    <Unicode>diuersos personajes: vnos tomauā</Unicode>
                </TextEquiv>
            </TextLine>
            <TextLine id="r1l23" custom="readingOrder {index:22;}">
                <Coords points="76,2292 233,2253 294,2303 365,2253 1173,2277 1256,2228 1326,2246 1324,2187 1057,2157 306,2204 73,2174"/>
                <Baseline points="83,2258 144,2255 206,2251 268,2249 329,2247 391,2244 453,2242 514,2240 576,2238 638,2237 700,2235 761,2234 823,2232 885,2231 946,2231 1008,2229 1070,2229 1131,2228 1193,2227 1255,2226 1317,2225"/>
                <TextEquiv>
                    <Unicode>persouajes de aues, otros de anjma</Unicode>
                </TextEquiv>
            </TextLine>
            <TextLine id="r1l24" custom="readingOrder {index:23;}">
                <Coords points="64,2354 186,2339 276,2405 382,2343 1062,2376 1179,2318 1283,2341 1282,2277 924,2252 63,2295"/>
                <Baseline points="71,2336 131,2336 191,2335 251,2334 311,2333 372,2331 432,2330 492,2328 552,2327 612,2325 673,2324 733,2322 793,2321 853,2319 913,2318 974,2316 1034,2316 1094,2315 1154,2315 1214,2315 1275,2315"/>
                <TextEquiv>
                    <Unicode>les: y assi vnos se trasfigurauan,</Unicode>
                </TextEquiv>
            </TextLine>
            <TextLine id="r1l25" custom="readingOrder {index:24;}">
                <Coords points="70,2451 345,2429 396,2467 490,2424 845,2413 1189,2447 1299,2410 1298,2370 1213,2341 853,2386 749,2349 624,2402 574,2366 68,2387"/>
                <Baseline points="77,2432 137,2429 198,2427 259,2424 320,2423 380,2421 441,2420 502,2417 563,2417 623,2415 684,2414 745,2412 806,2411 866,2411 927,2409 988,2409 1049,2409 1109,2408 1170,2408 1231,2408 1292,2408"/>
                <TextEquiv>
                    <Unicode>como zinzones, otros como maripo</Unicode>
                </TextEquiv>
            </TextLine>
            <TextLine id="r1l26" custom="readingOrder {index:25;}">
                <Coords points="87,2531 246,2505 375,2539 459,2508 984,2540 1268,2505 1288,2453 1023,2465 879,2428 801,2464 86,2472"/>
                <Baseline points="95,2514 154,2513 213,2511 272,2508 332,2507 391,2505 450,2504 509,2502 569,2502 628,2501 687,2499 746,2499 806,2498 865,2498 924,2498 983,2496 1043,2496 1102,2496 1161,2495 1220,2495 1280,2495"/>
                <TextEquiv>
                    <Unicode>sas, otros como auejones, otros co</Unicode>
                </TextEquiv>
            </TextLine>
            <TextLine id="r1l27" custom="readingOrder {index:26;}">
                <Coords points="69,2620 1006,2642 1056,2599 1243,2633 1324,2607 1324,2537 518,2552 308,2518 206,2569 68,2524"/>
                <Baseline points="77,2603 142,2601 207,2600 272,2598 337,2597 403,2597 468,2595 533,2595 598,2595 663,2595 729,2595 794,2595 859,2595 924,2595 989,2595 1055,2595 1120,2595 1185,2595 1250,2594 1316,2594"/>
                <TextEquiv>
                    <Unicode>mo muscas, otros como escarauajos:</Unicode>
                </TextEquiv>
            </TextLine>
            <TextLine id="r1l28" custom="readingOrder {index:27;}">
                <Coords points="82,2732 379,2738 448,2694 661,2688 1279,2710 1279,2647 768,2613 82,2655"/>
                <Baseline points="89,2702 148,2697 207,2693 266,2690 325,2687 384,2685 443,2684 502,2684 561,2683 620,2684 680,2684 739,2684 798,2685 857,2685 916,2687 975,2687 1034,2687 1093,2687 1152,2687 1211,2687 1271,2685"/>
                <TextEquiv>
                    <Unicode>otros trayan acuestas, vn hombre</Unicode>
                </TextEquiv>
            </TextLine>
            <TextLine id="r1l29" custom="readingOrder {index:28;}">
                <Coords points="82,2813 700,2781 777,2829 914,2784 1301,2813 1300,2731 1034,2696 879,2731 776,2688 599,2700 532,2747 455,2703 400,2738 81,2741"/>
                <Baseline points="89,2798 149,2792 209,2787 269,2784 329,2781 390,2778 450,2777 510,2777 570,2775 630,2775 691,2775 751,2776 811,2777 871,2777 931,2777 992,2777 1052,2777 1112,2777 1172,2777 1232,2775 1293,2772"/>
                <TextEquiv>
                    <Unicode>dormjendo: dezian que era el sue</Unicode>
                </TextEquiv>
            </TextLine>
            <TextLine id="r1l30" custom="readingOrder {index:29;}">
                <Coords points="70,2910 189,2866 307,2901 391,2870 484,2931 658,2863 855,2902 1310,2881 1308,2801 1238,2789 1129,2833 1080,2798 69,2833"/>
                <Baseline points="78,2889 139,2885 200,2882 261,2877 322,2876 384,2874 445,2871 506,2871 567,2870 628,2869 690,2868 751,2868 812,2868 873,2867 934,2867 996,2867 1057,2865 1118,2864 1179,2862 1240,2861 1302,2859"/>
                <TextEquiv>
                    <Unicode>ho: otros trayan vnos sartales de ta</Unicode>
                </TextEquiv>
            </TextLine>
            <TextLine id="r1l31" custom="readingOrder {index:30;}">
                <Coords points="76,2985 225,2975 310,3018 500,2969 1198,2993 1315,2968 1315,2911 677,2930 540,2892 473,2937 230,2903 76,2940"/>
                <Baseline points="83,2970 144,2970 205,2969 266,2967 328,2966 389,2966 450,2966 511,2964 573,2964 634,2963 695,2963 756,2963 818,2963 879,2961 940,2961 1001,2961 1063,2961 1124,2960 1185,2960 1246,2960 1308,2958"/>
                <TextEquiv>
                    <Unicode>males, que llaman xocotamalli, otros</Unicode>
                </TextEquiv>
            </TextLine>
            <TextLine id="r1l32" custom="readingOrder {index:31;}">
                <Coords points="79,3078 588,3072 741,3112 840,3065 1301,3072 1301,3008 1215,2986 1065,3015 525,2973 345,3022 223,2974 79,2989"/>
                <Baseline points="87,3069 147,3066 207,3065 267,3065 328,3063 388,3063 448,3063 509,3063 569,3063 629,3063 690,3063 750,3063 810,3063 870,3063 931,3063 991,3063 1051,3062 1112,3061 1172,3060 1232,3059 1293,3057"/>
                <TextEquiv>
                    <Unicode>de otros tamales, que llaman na</Unicode>
                </TextEquiv>
            </TextLine>
            <TextLine id="r1l33" custom="readingOrder {index:32;}">
                <Coords points="88,3172 1295,3190 1294,3094 1194,3082 1102,3121 393,3078 88,3119"/>
                <Baseline points="96,3162 155,3161 215,3161 274,3159 334,3159 393,3159 453,3159 512,3159 572,3161 631,3161 691,3161 750,3162 810,3162 869,3162 929,3162 988,3161 1048,3161 1107,3159 1167,3158 1226,3155 1286,3152"/>
                <TextEquiv>
                    <Unicode>catamalli: otros tenjan comjda de</Unicode>
                </TextEquiv>
            </TextLine>
            <TextLine id="r1l34" custom="readingOrder {index:33;}">
                <Coords points="73,3284 313,3269 391,3319 451,3271 600,3263 1239,3276 1261,3194 325,3186 72,3244"/>
                <Baseline points="81,3270 139,3268 198,3266 256,3264 315,3263 374,3263 432,3261 491,3261 550,3261 608,3260 667,3260 726,3260 784,3260 843,3260 902,3260 960,3258 1019,3258 1078,3257 1136,3257 1195,3254 1254,3252"/>
                <TextEquiv>
                    <Unicode>tamales, y otras cosas, y dauanlos</Unicode>
                </TextEquiv>
            </TextLine>
            <TextLine id="r1l35" custom="readingOrder {index:34;}">
                <Coords points="87,3382 1171,3388 1298,3347 1275,3296 863,3323 770,3284 391,3319 355,3291 295,3331 176,3288 86,3326"/>
                <Baseline points="95,3366 154,3365 214,3363 274,3362 334,3360 393,3359 453,3357 513,3356 573,3354 632,3354 692,3353 752,3352 812,3351 871,3350 931,3349 991,3348 1051,3347 1110,3345 1170,3344 1230,3342 1290,3341"/>
                <TextEquiv>
                    <Unicode>alos pobres. Y tambien tomaua per</Unicode>
                </TextEquiv>
            </TextLine>
            <TextLine id="r1l36" custom="readingOrder {index:35;}">
                <Coords points="79,3480 508,3455 563,3490 638,3458 804,3487 1304,3442 1302,3382 1199,3368 693,3408 587,3369 484,3403 76,3380"/>
                <Baseline points="87,3461 147,3458 207,3456 268,3454 328,3452 389,3450 449,3449 510,3447 570,3445 631,3444 691,3442 751,3441 812,3440 872,3438 933,3437 993,3435 1054,3433 1114,3431 1175,3429 1235,3428 1296,3425"/>
                <TextEquiv>
                    <Unicode>sonajes de pobres, como son los, los q</Unicode>
                </TextEquiv>
            </TextLine>
            <TextLine id="r1l37" custom="readingOrder {index:36;}">
                <Coords points="73,3572 852,3588 928,3529 1110,3587 1323,3520 1320,3456 1120,3491 1017,3455 805,3510 702,3469 72,3524"/>
                <Baseline points="81,3560 142,3556 204,3554 265,3552 327,3549 389,3547 450,3545 512,3543 574,3542 635,3540 697,3539 759,3536 820,3535 882,3533 944,3531 1005,3528 1067,3525 1129,3523 1190,3519 1252,3516 1314,3512"/>
                <TextEquiv>
                    <Unicode>traen acuestas leña a vender, y otros</Unicode>
                </TextEquiv>
            </TextLine>
            <TextLine id="r1l38" custom="readingOrder {index:37;}">
                <Coords points="35,3699 344,3682 424,3638 690,3665 1293,3615 1291,3561 1186,3543 1120,3585 1018,3542 757,3596 695,3563 584,3599 32,3599"/>
                <Baseline points="41,3657 103,3651 165,3645 227,3641 289,3638 351,3635 413,3633 476,3630 538,3630 600,3629 662,3629 724,3627 786,3627 848,3626 911,3624 973,3623 1035,3621 1097,3618 1159,3614 1221,3610 1284,3605"/>
                <TextEquiv>
                    <Unicode>q̄ traen verdura a vender. Tambien</Unicode>
                </TextEquiv>
            </TextLine>
            <TextLine id="r1l39" custom="readingOrder {index:38;}">
                <Coords points="82,3749 439,3765 518,3721 694,3763 826,3710 1081,3742 1280,3697 1313,3618 909,3642 838,3693 144,3677 81,3713"/>
                <Baseline points="90,3741 150,3735 211,3730 272,3726 333,3723 394,3720 455,3719 515,3717 576,3717 637,3716 698,3716 759,3716 820,3714 881,3714 941,3713 1002,3711 1063,3708 1124,3705 1185,3700 1246,3695 1307,3689"/>
                <TextEquiv>
                    <Unicode>tomauan personajes de emfermos</Unicode>
                </TextEquiv>
            </TextLine>
            <TextLine id="r1l40" custom="readingOrder {index:39;}">
                <Coords points="82,3838 718,3810 850,3858 921,3797 1235,3817 1330,3782 1330,3727 79,3747"/>
                <Baseline points="89,3821 150,3816 212,3813 274,3810 335,3807 397,3806 459,3804 520,3803 582,3801 644,3801 706,3800 767,3800 829,3798 891,3797 952,3795 1014,3794 1076,3791 1137,3788 1199,3783 1261,3778 1323,3771"/>
                <TextEquiv>
                    <Unicode>como son los leprosos, y bobosos otros</Unicode>
                </TextEquiv>
            </TextLine>
            <TextLine id="r1l41" custom="readingOrder {index:40;}">
                <Coords points="80,3918 1313,3885 1312,3820 1272,3814 906,3815 851,3859 753,3828 79,3848"/>
                <Baseline points="87,3903 147,3897 208,3894 269,3891 330,3890 391,3888 452,3888 513,3888 574,3888 635,3888 696,3888 756,3890 817,3890 878,3888 939,3888 1000,3885 1061,3882 1122,3878 1183,3873 1244,3866 1305,3858"/>
                <TextEquiv>
                    <Unicode>tomauan personajes de aues, como</Unicode>
                </TextEquiv>
            </TextLine>
            <TextLine id="r1l42" custom="readingOrder {index:41;}">
                <Coords points="98,3999 448,4039 556,3978 704,3979 956,4027 1020,3986 1315,3976 1314,3890 1113,3928 1075,3896 97,3915"/>
                <Baseline points="105,3977 165,3973 225,3971 285,3969 345,3968 405,3966 465,3966 526,3966 586,3966 646,3966 706,3966 766,3966 826,3966 886,3966 947,3966 1007,3965 1067,3963 1127,3960 1187,3957 1247,3954 1308,3950"/>
                <TextEquiv>
                    <Unicode>de bohos, y de lechuças, y otras aues.</Unicode>
                </TextEquiv>
            </TextLine>
            <TextEquiv>
                <Unicode>Apendos
ayunauan todos ocho dias apan y a
gua, como esta dicho. Alos tamales
que comjan, enestos dias, llamauā
atamalli: porque ninguna cosa mez
clauan conellos, quando les hazian:
nj sal, nj otra cosa, sino sola agua:
nj cozian el mahiz, concal, sino con
sola agua. Y todos comjan al medio
dia, y si alguno no ayunaua, casti
gauanle por ello: tenjan en gran re
uerencia, este ayuno, y enoran te
mor: porque dezian, que los que no
le ayunauan, aunque secretamen
te comjessen, y no lo supiesse nadie:
dios los castigaua, hiriendolos con le
pra. A esta fiesta llamauan yxnes
tioa, que qujere dezir: buscar ventu
ra enesta fiesta dezian, que bayla
uan todos los dioses: y assi todos los
que baylauan, se ataujauan, con
diuersos personajes: vnos tomauā
persouajes de aues, otros de anjma
les: y assi vnos se trasfigurauan,
como zinzones, otros como maripo
sas, otros como auejones, otros co
mo muscas, otros como escarauajos:
otros trayan acuestas, vn hombre
dormjendo: dezian que era el sue
ho: otros trayan vnos sartales de ta
males, que llaman xocotamalli, otros
de otros tamales, que llaman na
catamalli: otros tenjan comjda de
tamales, y otras cosas, y dauanlos
alos pobres. Y tambien tomaua per
sonajes de pobres, como son los, los q
traen acuestas leña a vender, y otros
q̄ traen verdura a vender. Tambien
tomauan personajes de emfermos
como son los leprosos, y bobosos otros
tomauan personajes de aues, como
de bohos, y de lechuças, y otras aues.</Unicode>
            </TextEquiv>
        </TextRegion>
        <TextRegion orientation="0.0" id="r2" custom="readingOrder {index:1;}">
            <Coords points="1370,251 1370,3970 2514,3970 2514,251"/>
            <TextLine id="r2l1" custom="readingOrder {index:0;}">
                <Coords points="1382,366 1455,313 1531,351 1840,303 1972,348 2060,320 2176,348 2468,299 2467,238 2038,253 1862,195 1663,271 1584,225 1380,219"/>
                <Baseline points="1389,318 1442,315 1496,313 1549,311 1603,309 1656,308 1710,308 1763,306 1817,306 1870,306 1924,306 1978,306 2031,305 2085,305 2138,305 2192,304 2245,303 2299,302 2352,300 2406,298 2460,296"/>
                <TextEquiv>
                    <Unicode>qualoia. Auh yn aqujn amo</Unicode>
                </TextEquiv>
            </TextLine>
            <TextLine id="r2l2" custom="readingOrder {index:1;}">
                <Coords points="1373,418 1659,439 1703,404 1872,442 2484,388 2483,337 2329,322 2214,358 1882,324 1372,360"/>
                <Baseline points="1380,410 1434,407 1489,404 1544,402 1599,401 1653,401 1708,399 1763,399 1818,399 1872,399 1927,401 1982,401 2037,401 2091,401 2146,399 2201,399 2256,398 2310,395 2365,393 2420,390 2475,386"/>
                <TextEquiv>
                    <Unicode>mocaoaia yn ipanjn, intla ma</Unicode>
                </TextEquiv>
            </TextLine>
            <TextLine id="r2l3" custom="readingOrder {index:2;}">
                <Coords points="1375,522 1586,496 1643,544 1797,487 1925,536 2028,493 2296,539 2509,473 2508,378 2334,443 2231,408 1559,451 1374,417"/>
                <Baseline points="1383,507 1441,501 1500,495 1559,492 1618,489 1677,486 1736,486 1795,485 1854,486 1913,486 1971,486 2030,487 2089,488 2148,488 2207,488 2266,486 2325,485 2384,482 2443,479 2502,474"/>
                <TextEquiv>
                    <Unicode>choia, njman tzacujltiloia: auh</Unicode>
                </TextEquiv>
            </TextLine>
            <TextLine id="r2l4" custom="readingOrder {index:3;}">
                <Coords points="1376,614 1931,596 2057,640 2215,597 2371,610 2516,567 2515,472 2165,551 2124,520 1922,539 1792,489 1644,545 1608,514 1374,524"/>
                <Baseline points="1383,611 1439,603 1495,598 1551,593 1608,590 1664,588 1720,587 1776,587 1833,587 1889,588 1945,590 2001,590 2058,591 2114,591 2170,591 2226,591 2283,588 2339,586 2395,582 2451,577 2508,569"/>
                <TextEquiv>
                    <Unicode>cenca ymacaxoia y, in atania</Unicode>
                </TextEquiv>
            </TextLine>
            <TextLine id="r2l5" custom="readingOrder {index:4;}">
                <Coords points="1376,760 1469,765 1595,703 2086,703 2156,750 2501,710 2499,621 2457,606 2057,641 1591,603 1375,670"/>
                <Baseline points="1383,719 1438,714 1494,708 1549,704 1605,701 1660,699 1716,696 1771,696 1827,696 1882,696 1938,696 1993,696 2049,696 2104,696 2160,696 2215,696 2271,696 2326,694 2382,692 2437,689 2493,684"/>
                <TextEquiv>
                    <Unicode>qualiztli: auh yn aqujnamo</Unicode>
                </TextEquiv>
            </TextLine>
            <TextLine id="r2l6" custom="readingOrder {index:5;}">
                <Coords points="1370,863 1828,819 1987,867 2237,801 2475,844 2474,720 2344,715 2272,780 2082,705 1869,761 1616,724 1573,762 1369,773"/>
                <Baseline points="1377,818 1431,813 1485,812 1540,810 1594,809 1649,807 1703,807 1758,807 1812,807 1867,807 1921,809 1975,809 2030,809 2084,809 2139,809 2193,809 2248,807 2302,804 2357,801 2411,798 2466,794"/>
                <TextEquiv>
                    <Unicode>qujchioaia, in tlacamo ittoa,</Unicode>
                </TextEquiv>
            </TextLine>
            <TextLine id="r2l7" custom="readingOrder {index:6;}">
                <Coords points="1369,946 1785,963 1852,925 2000,987 2327,971 2497,928 2497,858 2398,819 2223,864 2173,826 1990,896 1828,820 1696,874 1368,866"/>
                <Baseline points="1376,926 1431,924 1487,921 1543,921 1598,920 1654,920 1710,920 1765,920 1821,920 1877,921 1933,922 1988,923 2044,923 2100,923 2155,923 2211,923 2267,921 2322,920 2378,917 2434,914 2490,909"/>
                <TextEquiv>
                    <Unicode>anoço machoia, qujlmach xi</Unicode>
                </TextEquiv>
            </TextLine>
            <TextLine id="r2l8" custom="readingOrder {index:7;}">
                <Coords points="1363,1093 1555,1040 2045,1093 2257,1044 2419,1073 2508,1022 2506,930 2392,934 2299,995 2222,963 2005,988 1846,936 1746,986 1361,978"/>
                <Baseline points="1370,1047 1426,1044 1482,1041 1539,1039 1595,1037 1652,1037 1708,1035 1765,1035 1821,1035 1878,1035 1934,1035 1990,1037 2047,1037 2103,1037 2160,1035 2216,1035 2273,1034 2329,1031 2386,1029 2442,1025 2499,1020"/>
                <TextEquiv>
                    <Unicode>xiiotia. Auh yn jquac ilhujtl</Unicode>
                </TextEquiv>
            </TextLine>
            <TextLine id="r2l9" custom="readingOrder {index:8;}">
                <Coords points="1369,1211 1843,1141 2006,1182 2106,1147 2429,1176 2494,1164 2494,1055 2319,1095 2281,1062 1932,1090 1855,1050 1707,1092 1525,1061 1369,1093"/>
                <Baseline points="1377,1152 1432,1149 1487,1145 1543,1142 1598,1140 1654,1140 1709,1139 1765,1139 1820,1140 1876,1140 1931,1140 1986,1142 2042,1142 2097,1143 2153,1143 2208,1143 2264,1142 2319,1142 2375,1139 2430,1137 2486,1133"/>
                <TextEquiv>
                    <Unicode>qujçaia, moteneoa ixnexti</Unicode>
                </TextEquiv>
            </TextLine>
            <TextLine id="r2l10" custom="readingOrder {index:9;}">
                <Coords points="1372,1279 1519,1255 1646,1282 1724,1244 2301,1272 2444,1256 2443,1180 1435,1176 1371,1207"/>
                <Baseline points="1380,1263 1432,1259 1485,1254 1538,1253 1591,1250 1643,1248 1696,1248 1749,1248 1802,1248 1854,1248 1907,1248 1960,1250 2013,1250 2065,1250 2118,1250 2171,1250 2224,1249 2276,1247 2329,1245 2382,1242 2435,1238"/>
                <TextEquiv>
                    <Unicode>oa, yoan atecuculetioaia:</Unicode>
                </TextEquiv>
            </TextLine>
            <TextLine id="r2l11" custom="readingOrder {index:10;}">
                <Coords points="1378,1400 1484,1365 1756,1397 1919,1360 2156,1397 2434,1378 2504,1333 2503,1258 2268,1309 2212,1276 1995,1295 1777,1256 1377,1280"/>
                <Baseline points="1386,1370 1441,1364 1497,1359 1552,1356 1608,1355 1663,1355 1719,1356 1774,1356 1830,1359 1885,1361 1941,1362 1996,1364 2052,1365 2107,1365 2163,1365 2218,1364 2274,1361 2329,1356 2385,1350 2440,1342 2496,1331"/>
                <TextEquiv>
                    <Unicode>yoan yn jquac cenca muchin</Unicode>
                </TextEquiv>
            </TextLine>
            <TextLine id="r2l12" custom="readingOrder {index:11;}">
                <Coords points="1371,1487 1481,1475 1583,1518 1694,1465 1800,1492 1921,1464 1979,1497 2256,1471 2395,1506 2494,1466 2494,1375 2449,1365 2242,1419 2013,1408 1959,1362 1757,1398 1414,1373 1372,1408"/>
                <Baseline points="1380,1479 1435,1471 1490,1467 1545,1463 1601,1461 1656,1460 1711,1461 1767,1461 1822,1464 1877,1466 1933,1468 1988,1470 2043,1473 2098,1474 2154,1475 2209,1475 2264,1473 2320,1472 2375,1467 2430,1461 2486,1452"/>
                <TextEquiv>
                    <Unicode>tin mjttotiaia inteteu: ic mjto</Unicode>
                </TextEquiv>
            </TextLine>
            <TextLine id="r2l13" custom="readingOrder {index:12;}">
                <Coords points="1367,1605 1941,1608 2065,1569 2131,1617 2328,1594 2388,1641 2505,1574 2504,1471 2399,1514 2254,1477 1992,1510 1917,1464 1551,1546 1366,1531"/>
                <Baseline points="1374,1593 1430,1589 1486,1585 1542,1583 1598,1581 1654,1580 1710,1580 1766,1581 1822,1583 1878,1584 1935,1586 1991,1586 2047,1587 2103,1587 2159,1587 2215,1587 2271,1586 2327,1582 2383,1578 2439,1572 2496,1565"/>
                <TextEquiv>
                    <Unicode>aia, teuittotiloia: yoan ixq̄ch</Unicode>
                </TextEquiv>
            </TextLine>
            <TextLine id="r2l14" custom="readingOrder {index:13;}">
                <Coords points="1378,1718 1491,1749 1765,1697 2333,1730 2504,1692 2503,1581 2388,1639 2242,1596 2028,1673 1796,1601 1654,1658 1378,1639"/>
                <Baseline points="1386,1704 1441,1701 1497,1696 1552,1695 1608,1694 1663,1692 1719,1694 1774,1694 1830,1695 1885,1697 1941,1698 1996,1700 2052,1701 2107,1701 2163,1701 2218,1701 2274,1700 2329,1698 2385,1694 2440,1689 2496,1683"/>
                <TextEquiv>
                    <Unicode>vncan oalnecia, in vitzitzilin</Unicode>
                </TextEquiv>
            </TextLine>
            <TextLine id="r2l15" custom="readingOrder {index:14;}">
                <Coords points="1362,1862 1555,1861 1627,1818 1793,1857 2167,1852 2235,1895 2415,1879 2486,1844 2487,1750 2435,1729 2258,1783 2069,1726 1945,1769 1714,1726 1363,1756"/>
                <Baseline points="1371,1821 1426,1818 1481,1814 1537,1812 1592,1812 1647,1811 1703,1812 1758,1814 1813,1815 1869,1817 1924,1818 1979,1821 2035,1823 2090,1824 2145,1826 2201,1826 2256,1824 2311,1823 2367,1821 2422,1817 2478,1812"/>
                <TextEquiv>
                    <Unicode>papalotl, in xicotli, in çaiolinl</Unicode>
                </TextEquiv>
            </TextLine>
            <TextLine id="r2l16" custom="readingOrder {index:15;}">
                <Coords points="1364,1949 2159,1943 2304,1982 2503,1928 2504,1836 2312,1896 2142,1868 2098,1897 2042,1849 1965,1886 1867,1849 1737,1882 1677,1838 1364,1859"/>
                <Baseline points="1371,1934 1427,1930 1483,1927 1539,1925 1596,1925 1652,1925 1708,1925 1764,1926 1821,1928 1877,1929 1933,1931 1989,1932 2046,1934 2102,1935 2158,1936 2214,1937 2271,1935 2327,1934 2383,1933 2439,1929 2496,1925"/>
                <TextEquiv>
                    <Unicode>in tototl, in temoli, tecuj tlaolo</Unicode>
                </TextEquiv>
            </TextLine>
            <TextLine id="r2l17" custom="readingOrder {index:16;}">
                <Coords points="1366,2058 2410,2063 2510,2021 2510,1933 2403,1993 1629,1980 1504,1944 1366,1991"/>
                <Baseline points="1374,2040 1430,2037 1486,2034 1543,2032 1599,2031 1656,2030 1712,2030 1768,2031 1825,2033 1881,2033 1938,2034 1994,2036 2050,2036 2107,2037 2163,2037 2220,2037 2276,2037 2332,2036 2389,2033 2445,2030 2502,2025"/>
                <TextEquiv>
                    <Unicode>lo: yn jpan moqujxtiaia tla</Unicode>
                </TextEquiv>
            </TextLine>
            <TextLine id="r2l18" custom="readingOrder {index:17;}">
                <Coords points="1385,2166 1632,2192 1824,2132 2034,2189 2083,2154 2344,2175 2513,2131 2513,2018 2427,2086 2319,2103 2050,2095 2001,2057 1938,2094 1384,2092"/>
                <Baseline points="1392,2154 1447,2149 1503,2147 1558,2144 1614,2142 1670,2142 1725,2142 1781,2142 1837,2144 1892,2145 1948,2145 2004,2147 2059,2148 2115,2148 2171,2148 2226,2148 2282,2147 2338,2145 2393,2142 2449,2138 2505,2132"/>
                <TextEquiv>
                    <Unicode>ca, yn ipan oalmjtotiaia. Aua</Unicode>
                </TextEquiv>
            </TextLine>
            <TextLine id="r2l19" custom="readingOrder {index:18;}">
                <Coords points="1375,2292 1513,2252 1673,2308 1798,2252 1950,2301 2006,2256 2148,2253 2291,2309 2486,2243 2486,2181 1375,2199"/>
                <Baseline points="1383,2255 1437,2252 1492,2250 1547,2249 1602,2249 1656,2247 1711,2247 1766,2247 1821,2249 1875,2249 1930,2249 1985,2250 2040,2250 2094,2250 2149,2250 2204,2250 2259,2250 2313,2249 2368,2249 2423,2246 2478,2244"/>
                <TextEquiv>
                    <Unicode>yn oc cequjntin ipan moqujx</Unicode>
                </TextEquiv>
            </TextLine>
            <TextLine id="r2l20" custom="readingOrder {index:19;}">
                <Coords points="1378,2378 1835,2388 2013,2348 2306,2381 2501,2342 2501,2273 2288,2309 1998,2267 1938,2312 1860,2275 1806,2313 1377,2322"/>
                <Baseline points="1386,2367 1441,2365 1496,2363 1552,2361 1607,2360 1662,2360 1718,2360 1773,2360 1828,2361 1884,2361 1939,2363 1994,2363 2050,2363 2105,2363 2160,2361 2216,2360 2271,2358 2326,2355 2382,2351 2437,2345 2493,2339"/>
                <TextEquiv>
                    <Unicode>tiaia in cochiztli in xocotami</Unicode>
                </TextEquiv>
            </TextLine>
            <TextLine id="r2l21" custom="readingOrder {index:20;}">
                <Coords points="1378,2490 1625,2518 1772,2470 2096,2470 2278,2518 2362,2480 2492,2491 2491,2371 2385,2422 2301,2378 2188,2417 2062,2387 1377,2417"/>
                <Baseline points="1386,2480 1440,2475 1495,2473 1550,2471 1605,2469 1660,2468 1715,2466 1770,2466 1825,2465 1880,2465 1935,2465 1989,2465 2044,2465 2099,2465 2154,2465 2209,2464 2264,2463 2319,2462 2374,2460 2429,2459 2484,2456"/>
                <TextEquiv>
                    <Unicode>cozquj, yoan totolnacatl yn jta</Unicode>
                </TextEquiv>
            </TextLine>
            <TextLine id="r2l22" custom="readingOrder {index:21;}">
                <Coords points="1375,2611 1475,2643 1594,2580 1844,2620 2096,2585 2323,2632 2492,2578 2492,2528 1861,2506 1374,2543"/>
                <Baseline points="1383,2594 1438,2590 1493,2586 1548,2582 1603,2580 1658,2579 1713,2577 1768,2576 1823,2576 1878,2576 1933,2576 1988,2576 2043,2577 2098,2577 2153,2579 2208,2579 2263,2580 2318,2580 2373,2580 2428,2580 2484,2580"/>
                <TextEquiv>
                    <Unicode>cozquj: yoan ymjxpan ycacaa</Unicode>
                </TextEquiv>
            </TextLine>
            <TextLine id="r2l23" custom="readingOrder {index:22;}">
                <Coords points="1366,2720 1539,2692 1836,2733 2011,2692 2397,2709 2464,2683 2464,2622 1470,2644 1429,2604 1365,2612"/>
                <Baseline points="1373,2699 1427,2696 1481,2693 1535,2691 1589,2690 1644,2688 1698,2687 1752,2687 1806,2685 1860,2685 1915,2685 1969,2685 2023,2685 2077,2685 2131,2687 2186,2687 2240,2687 2294,2687 2348,2687 2402,2687 2457,2687"/>
                <TextEquiv>
                    <Unicode>in tonacacuezcomatl, tentical</Unicode>
                </TextEquiv>
            </TextLine>
            <TextLine id="r2l24" custom="readingOrder {index:23;}">
                <Coords points="1374,2820 2479,2795 2450,2699 2275,2744 2224,2712 1889,2702 1733,2748 1373,2720"/>
                <Baseline points="1382,2802 1436,2799 1490,2795 1545,2793 1599,2790 1654,2790 1708,2789 1763,2789 1817,2789 1872,2789 1926,2789 1980,2790 2035,2790 2089,2790 2144,2790 2198,2790 2253,2790 2307,2788 2362,2787 2416,2783 2471,2780"/>
                <TextEquiv>
                    <Unicode>in xocotamalli. Auh no muci</Unicode>
                </TextEquiv>
            </TextLine>
            <TextLine id="r2l25" custom="readingOrder {index:24;}">
                <Coords points="1371,2931 1623,2886 2168,2951 2301,2901 2434,2954 2489,2932 2489,2777 2314,2854 1791,2806 1371,2857"/>
                <Baseline points="1379,2906 1434,2901 1489,2896 1544,2892 1599,2891 1654,2889 1709,2889 1764,2891 1819,2891 1874,2892 1930,2894 1985,2896 2040,2897 2095,2898 2150,2900 2205,2900 2260,2898 2315,2897 2370,2894 2425,2890 2481,2885"/>
                <TextEquiv>
                    <Unicode>vncan oalnecia, yn ipan moq̄u</Unicode>
                </TextEquiv>
            </TextLine>
            <TextLine id="r2l26" custom="readingOrder {index:25;}">
                <Coords points="1362,3023 1914,3008 2063,3053 2218,3020 2440,3048 2485,3018 2485,2932 2202,2961 1875,2914 1714,2955 1623,2921 1362,2934"/>
                <Baseline points="1370,3011 1425,3005 1480,3002 1536,3000 1591,2997 1647,2997 1702,2997 1757,2997 1813,2999 1868,3000 1924,3002 1979,3003 2034,3005 2090,3005 2145,3006 2201,3005 2256,3005 2311,3002 2367,2999 2422,2994 2478,2988"/>
                <TextEquiv>
                    <Unicode>tiaia in motolinja, yn motequj</Unicode>
                </TextEquiv>
            </TextLine>
            <TextLine id="r2l27" custom="readingOrder {index:26;}">
                <Coords points="1368,3159 1604,3105 1733,3150 2016,3116 2326,3167 2501,3118 2501,3027 1988,3061 1910,3008 1828,3050 1498,3025 1368,3059"/>
                <Baseline points="1376,3113 1431,3108 1487,3103 1543,3102 1599,3099 1655,3099 1711,3100 1766,3101 1822,3102 1878,3104 1934,3105 1990,3107 2046,3108 2102,3110 2157,3110 2213,3110 2269,3108 2325,3107 2381,3103 2437,3098 2493,3092"/>
                <TextEquiv>
                    <Unicode>qujlnamaqujlia, yn motequa</Unicode>
                </TextEquiv>
            </TextLine>
            <TextLine id="r2l28" custom="readingOrder {index:27;}">
                <Coords points="1377,3262 1574,3207 1870,3258 2248,3222 2313,3268 2500,3192 2500,3128 2215,3174 2068,3120 1973,3164 1713,3158 1638,3111 1575,3154 1376,3162"/>
                <Baseline points="1385,3219 1440,3213 1495,3209 1551,3207 1606,3206 1662,3206 1717,3206 1772,3207 1828,3209 1883,3212 1939,3213 1994,3215 2049,3216 2105,3216 2160,3216 2216,3216 2271,3213 2326,3210 2382,3206 2437,3199 2493,3189"/>
                <TextEquiv>
                    <Unicode>quauh namaqujlilia: no yoat</Unicode>
                </TextEquiv>
            </TextLine>
            <TextLine id="r2l29" custom="readingOrder {index:28;}">
                <Coords points="1381,3343 1614,3305 1689,3344 2278,3316 2401,3351 2495,3309 2495,3227 2303,3272 1998,3232 1871,3259 1783,3219 1730,3252 1381,3256"/>
                <Baseline points="1389,3315 1443,3311 1498,3307 1553,3306 1608,3305 1663,3306 1718,3306 1773,3308 1828,3311 1883,3312 1938,3315 1992,3317 2047,3318 2102,3320 2157,3320 2212,3319 2267,3317 2322,3313 2377,3308 2432,3301 2487,3291"/>
                <TextEquiv>
                    <Unicode>vncan oalnecia, in teucocoxquj</Unicode>
                </TextEquiv>
            </TextLine>
            <TextLine id="r2l30" custom="readingOrder {index:29;}">
                <Coords points="1390,3446 1534,3411 1629,3414 1725,3473 1994,3421 2345,3458 2488,3413 2488,3330 2230,3368 1390,3327"/>
                <Baseline points="1397,3414 1451,3413 1505,3410 1559,3410 1613,3410 1668,3411 1722,3412 1776,3413 1830,3416 1884,3417 1939,3419 1993,3420 2047,3420 2101,3420 2155,3420 2210,3419 2264,3416 2318,3413 2372,3409 2426,3402 2481,3393"/>
                <TextEquiv>
                    <Unicode>ypan moqujxtiaia: yoan ynoc</Unicode>
                </TextEquiv>
            </TextLine>
            <TextLine id="r2l31" custom="readingOrder {index:30;}">
                <Coords points="1371,3520 1523,3554 1568,3520 2440,3540 2504,3497 2504,3421 2344,3458 2217,3430 2144,3474 2020,3432 1371,3484"/>
                <Baseline points="1379,3516 1434,3515 1490,3513 1546,3513 1602,3513 1658,3515 1714,3515 1769,3518 1825,3519 1881,3521 1937,3523 1993,3524 2049,3525 2105,3525 2160,3525 2216,3523 2272,3520 2328,3516 2384,3511 2440,3505 2496,3495"/>
                <TextEquiv>
                    <Unicode>cequjntin totome, in teculutl, itl</Unicode>
                </TextEquiv>
            </TextLine>
            <TextLine id="r2l32" custom="readingOrder {index:31;}">
                <Coords points="1365,3644 1954,3694 2157,3600 2234,3647 2456,3618 2492,3600 2492,3515 2370,3558 1611,3521 1456,3580 1365,3567"/>
                <Baseline points="1373,3617 1428,3617 1484,3617 1539,3617 1595,3618 1650,3620 1706,3621 1761,3624 1817,3626 1872,3627 1928,3629 1984,3630 2039,3632 2095,3630 2150,3630 2206,3627 2261,3625 2317,3620 2372,3613 2428,3606 2484,3596"/>
                <TextEquiv>
                    <Unicode>chichtli ipan qujçaia: yoan bo</Unicode>
                </TextEquiv>
            </TextLine>
            <TextLine id="r2l33" custom="readingOrder {index:32;}">
                <Coords points="1364,3766 1513,3777 1567,3734 1615,3776 1887,3800 2064,3749 2281,3764 2515,3697 2514,3586 2132,3695 1449,3660 1363,3691"/>
                <Baseline points="1371,3722 1427,3723 1484,3725 1541,3728 1598,3729 1655,3732 1712,3735 1768,3738 1825,3740 1882,3742 1939,3743 1996,3743 2053,3743 2110,3742 2166,3740 2223,3734 2280,3729 2337,3722 2394,3713 2451,3704 2508,3690"/>
                <TextEquiv>
                    <Unicode>cequj ipanmoqujxtiaia. Auh</Unicode>
                </TextEquiv>
            </TextLine>
            <TextLine id="r2l34" custom="readingOrder {index:33;}">
                <Coords points="1367,3834 2215,3890 2423,3822 2472,3844 2511,3820 2510,3737 2169,3803 2070,3755 1920,3801 1560,3751 1366,3775"/>
                <Baseline points="1374,3822 1430,3825 1486,3829 1543,3833 1599,3836 1656,3840 1712,3843 1768,3846 1825,3848 1881,3849 1938,3851 1994,3851 2050,3851 2107,3849 2163,3846 2220,3842 2276,3836 2332,3828 2389,3819 2445,3809 2502,3795"/>
                <TextEquiv>
                    <Unicode>motlaliaia in tlaloc, ixpanma</Unicode>
                </TextEquiv>
            </TextLine>
            <TextLine id="r2l35" custom="readingOrder {index:34;}">
                <Coords points="1369,3938 1462,3986 1734,3949 2334,3982 2522,3910 2521,3827 2378,3886 2037,3896 1869,3869 1754,3899 1694,3860 1603,3897 1368,3852"/>
                <Baseline points="1377,3924 1433,3928 1490,3931 1547,3935 1604,3936 1661,3939 1718,3941 1774,3944 1831,3945 1888,3945 1945,3947 2002,3946 2059,3945 2116,3944 2172,3941 2229,3938 2286,3933 2343,3928 2400,3921 2457,3914 2514,3905"/>
                <TextEquiv>
                    <Unicode>cayn atl, vncan temja in coiba</Unicode>
                </TextEquiv>
            </TextLine>
            <TextEquiv>
                <Unicode>qualoia. Auh yn aqujn amo
mocaoaia yn ipanjn, intla ma
choia, njman tzacujltiloia: auh
cenca ymacaxoia y, in atania
qualiztli: auh yn aqujnamo
qujchioaia, in tlacamo ittoa,
anoço machoia, qujlmach xi
xiiotia. Auh yn jquac ilhujtl
qujçaia, moteneoa ixnexti
oa, yoan atecuculetioaia:
yoan yn jquac cenca muchin
tin mjttotiaia inteteu: ic mjto
aia, teuittotiloia: yoan ixq̄ch
vncan oalnecia, in vitzitzilin
papalotl, in xicotli, in çaiolinl
in tototl, in temoli, tecuj tlaolo
lo: yn jpan moqujxtiaia tla
ca, yn ipan oalmjtotiaia. Aua
yn oc cequjntin ipan moqujx
tiaia in cochiztli in xocotami
cozquj, yoan totolnacatl yn jta
cozquj: yoan ymjxpan ycacaa
in tonacacuezcomatl, tentical
in xocotamalli. Auh no muci
vncan oalnecia, yn ipan moq̄u
tiaia in motolinja, yn motequj
qujlnamaqujlia, yn motequa
quauh namaqujlilia: no yoat
vncan oalnecia, in teucocoxquj
ypan moqujxtiaia: yoan ynoc
cequjntin totome, in teculutl, itl
chichtli ipan qujçaia: yoan bo
cequj ipanmoqujxtiaia. Auh
motlaliaia in tlaloc, ixpanma
cayn atl, vncan temja in coiba</Unicode>
            </TextEquiv>
        </TextRegion>
    </Page>
</PcGts>
