2530 3970
263 17 802 196 de la fiesta:
73 210 1157 341 mjmilli son muy largas: y todo lo q̄
67 302 1152 432 esta dentro del agua, es muy blan
73 394 1167 503 co: arrancauan las en vna fuente
61 454 1168 591 que se llama temjlco, otepexic, ooz
66 542 1152 674 toc. Despues que las aujan arran
75 628 1158 755 cado, hazian las hazes, y en bolujā
55 711 1141 833 las ensus mantas, para lleuar a
60 807 1150 936 cuestas, y atauanlas consus meca
54 896 1150 1021 pales, conque las aujan de lleuar:
60 978 1174 1129 luego se partian, para donde aujan
64 1066 1148 1204 de yr: lleuauanlas en yestas, y no
71 1166 1139 1299 atrauesadas. Los mjnistros de los
55 1244 1180 1398 ydolos, quando yuan por estas jun
55 1344 1150 1506 cias, y quando bolujan conellas: te
45 1436 1150 1591 njan por costumbre, de rrobar a
60 1517 1144 1658 quantos topauan, por el camjno:
49 1624 1109 1742 y como todos sabian esto, quando
39 1718 1108 1856 yuan y quando bolujan, nadie
37 1828 1123 1935 parecia por los camjnos: nadie o
49 1918 1133 2043 saua camjnar: y si con alguno to
49 2011 1122 2137 pauan, luego le tomauan quanto
42 2084 1131 2219 lleuaua, aunque fuesse el tributo,
43 2175 1113 2316 del señor: y si el que tomauan, se
61 2271 1137 2393 defendia, tratauanle muy mal de
42 2365 1124 2487 çgolpes y de coces, y de arrastrarle
55 2460 1144 2595 por el suelo, y por njnguna cosa
8 2526 1128 2685 stas, penauan aestos mjnistros de
26 2624 1121 2756 los ydolos, por tenerlos en mucha
31 2713 1120 2848 estimacion, y reuerencia: por ser
24 2813 1121 2961 ministros de los ydolos. En llegan
24 2914 1141 3040 do, con las juncias al cu, donde erā
16 3000 1121 3132 menester: luego las cosian, y com
15 3083 1123 3219 ponjan, contrapuestas, y entres
25 3175 1147 3301 puesto, lo blanco, alo uerde: ama
13 3263 1097 3393 nera de mantas pintadas. hazi
9 3339 1110 3515 an tambien, destas juncias, sen
6 3453 1086 3601 taderos sin espaldares, y otros
22 3538 1082 3674 con espaldares: para hazer estas
7 3635 1128 3764 mantas de juncias, conponjanlas,
1502 20 2512 193 Etzalqualiztli. fo38
1261 231 2387 360 tic, temjmjltic. Auh yn vmpa
1248 316 2380 454 çonanaia, qujtezcopina, itocaio
1250 434 2350 550 çan in atlan temjlco, tepexic,
1259 510 2406 649 oztoc: auh yn oçonanque, njmā
1246 605 2391 763 ie ic qujchichioa, qujcujcujtlal
1244 709 2361 871 pia, qujqujmiloa, qujtotolquj
1251 834 2371 952 mjloa: njman ie ic qujmecapallo
1258 937 2374 1072 tia, qujmemecapallotia, njman
1244 1032 2381 1176 netlamamaltilo, tlamamalo, tla
1236 1146 2357 1306 ixquamamalo: njman ie ic oale
1249 1261 2361 1411 oa, oaleoalo, viloatz, aiac qujx
1236 1378 2367 1519 tlapalmama yn aztapili, çanmo
1237 1483 2340 1638 ch queoacamama. Auh ynjc
1242 1581 2335 1743 vih tolanazque, tlamacazque,
1230 1685 2362 1845 yoan inic oalmocuepa, cactimo
1236 1783 2360 1939 quetza in vtli, aocac qujtoca, a
1227 1892 2381 2053 ocmo qujtoca in nenenque: auh
1215 2013 2344 2157 yntla acame, oqujnnamjcque,
1228 2100 2362 2259 njman vncan qujntlacujcujlia,
1228 2206 2361 2364 qujntlanamoielia, qujntlacen
1232 2302 2340 2471 cujlia, qujntlatlacaltia: auh in
1231 2435 2358 2565 tlamomapatla, njman qujnmjc
1225 2552 2339 2677 tia, qujntetentimaiauj, qujmi
1218 2640 2301 2777 hicca, qujntitiliçça, impan cho
1217 2737 2286 2893 choloa, tlalli ic qujujujtequj,
1226 2827 2329 2988 qujntlatlalmecamauj, qujn:
1208 2982 2256 3097 tzatzatzitia, qujnujujtequj,
1208 3054 2347 3187 qujncujtlaujujtequj, qujxipetla
1202 3181 2347 3283 vitequj, qujncujtlamelaoa. Auh
1192 3263 2298 3411 yn ontlacujcujtitoque, yn onpe
1200 3350 2338 3493 petlaoaloque, çan vncan mocue
1197 3465 2320 3602 pa, çan vncan iloti yn jnchan:
1206 3559 2342 3711 in tlanallacalaqujlli, vel qujcuja,
1208 3662 2315 3790 amo ic qualanja in Nlo tecucoma
