2498 4070
228 57 815 243 de la fiesta,
33 238 1042 361 alli impressas, con las colores: lo
32 354 1051 463 mjsmo hazian en casa, de sus pa
42 423 1032 562 rientes, y ponjanlos comjda, en
46 506 1040 628 casa de sus amos, y encasa de
30 603 1048 729 sus parientes: y algunos que te
41 686 1037 801 njan buen coraçon, comjan, y o
39 769 1091 899 tros no podian comer, con lame
33 847 1067 987 moria de la muerte, que lue
29 936 1055 1092 go aujan de padescer. hecho
46 1010 1094 1175 esto, tenjan aparejadas los du
49 1101 1088 1223 eños de los esclauos, muchasmā
45 1212 1065 1362 tas, y muchos mastles, que a
38 1307 1090 1441 ujan de distribuyr, en la fiesta
42 1412 1070 1553 cogidos, con sus caroas, y carga
55 1482 1061 1626 uan se las, sobre los hombros, a
46 1574 1072 1743 los que las aujan de lleuar: y
65 1684 1080 1831 los que aujan de morir, compo
62 1776 1088 1931 njanse con sus papeles, y toma
72 1867 1105 2018 uan acuestas sus vanderillas:
71 1959 1070 2082 y las mugeres, lleuauan acues
73 2032 1098 2209 tas, las petaqujllas de sus al ha
67 2128 1097 2300 suelas, luego se ponjan todos
80 2249 1085 2395 En procesion, delante la puer
103 2335 1135 2479 a, y los esclauos, entrauan en
106 2410 1103 2569 loscilleros de la casa, y cercauā
98 2510 1106 2686 los hogares, andando al rededor
98 2629 1110 2774 dellos, algunas bueltas: y lue
87 2704 1118 2856 ço comencauan ayr, hazia la
99 2797 1114 2948 casa, que se llama calpulco, y
86 2884 1121 3031 los esclauos, yuan de tras de to
89 2973 1122 3134 dos, y llegando al calpulco, los
86 3064 1109 3202 esclauos dancauan por el pa
87 3150 1149 3318 tro. Y los que lleuauan las cargas
79 3256 1130 3386 metian las enel calpulco, y lue
85 3339 1101 3500 go ponjan cada cosa por si, las
82 3438 1165 3569 mantas todas juntas, y los mas
86 3518 1134 3673 tles todos juntos, y los vipiles
84 3612 1162 3743 todos juntos, y las naoas todas
70 3696 1202 3846 tuntas: luego entrauan los com
1328 22 2395 229 Panquetzaliztli. fo85.
1109 191 2293 346 chioa: auhin cioa çanno m no
1120 313 2278 496 ma in cōmomamaltia, intana,
1133 440 2311 606 mjxqujch in cioatlatquj: njmā
1131 556 2332 713 ie icmoquetza in tlanapaloa, in
1144 673 2297 871 qujnapaloa tetlauhtilli, quj
1143 792 2301 959 iaoac, vtlica oalmotecpana:
1154 897 2304 1080 auh in tlaaltilti, njman ie ic
1159 1007 2347 1249 calaquj in cioapan, qujoalia
1153 1133 2318 1337 occioa in tlecujlli; mecoalquj
1155 1254 2301 1464 ça, mec ommoiacatia in tla
1150 1411 2319 1562 napaloa, vmpa tlamattivi in
1162 1502 2360 1710 caipulco, catetocativi intlaal
1172 1627 2342 1824 tilti, çatlatzacutivi. Auh mo
1167 1771 2317 1931 acito calpulco: njmanieic mj
1176 1867 2331 2061 totia, in tlaaltilti mjt ocelco:
1192 1995 2310 2155 auh in tetlauhtilli, qujcala
1201 2106 2335 2315 quja in calpulco: nononqua
1187 2228 2353 2427 qujtlalia in tilmatli, in max
1199 2358 2346 2570 tlatl, in cueitl, in vipilli: mec
1201 2475 2358 2693 ommoiacatia in tlacoanotzal
1199 2637 2353 2775 ti, qujoalmacatimanj, cecen
1197 2731 2348 2881 iaca in inetlacehtil: auh in
1218 2866 2350 3026 cioa, nonqua mocempanoa
1210 2990 2349 3154 noqujn ocelmacatimanj, in
1226 3095 2360 3246 mnetlauhtil: auh in i çan
1235 3225 2372 3343 mjxcaviaca i pochteca, inte
1231 3316 2371 3488 altianj, in tecoanj. Auh mō
1237 3444 2396 3602 tocencaoaloc, moncenvatz, in
1243 3575 2365 3698 ontetlauhtiloc: njman ieic
1251 3666 2385 3860 qujnvica in tlaaltilti, xala
