2652 4246
497 71 934 247 libro. 2.
57 296 1264 423 uan conellos: porque dixessen en sus
67 386 1258 504 tierras, lo que pasaua, cerca de los
78 484 1257 609 captiuos. hechas todas estas cosas, se
65 574 1258 711 acabaua la fiesta de los acuchillados
69 654 1255 775 sobre la piedra. Quando se hazia esta
85 759 1240 873 esta fiesta, comjan todos vnas tor
69 858 1249 997 tillas, como enpanadillas, que hazi
73 971 1255 1089 an de mahiz, sin cozer, alas quales
68 1071 1255 1202 llamauan vilocpalli: todos los que y
77 1187 1298 1317 uan auer este espetaculo, hazian mu
85 1280 1229 1408 chila destas tortillas, y comjanlas
76 1355 1246 1527 alla, donde se hazia la farsa. El
76 1500 1285 1633 dia sigujente, todos se apareiauan,
82 1594 1240 1721 para vn muy solemne areyto: el
76 1683 1263 1808 qual començauan, enlas casas rea
60 1761 1266 1899 les: aderecauanse, con todos los a
79 1877 1319 2010 derecos, o diujsas, o plumajes ricos:
60 1976 1256 2129 que auja en las casas reales: y lle
64 2087 1220 2238 uauan en las manos, en lugar
55 2194 1276 2366 de flores, todo genexo de tamales,
55 2298 1265 2446 y tortillas, yuan aderecados, con
69 2393 1287 2522 mahiz tostado, que llaman mumu
82 2482 1285 2627 chitl: en lugar de sartales, y qujr
76 2563 1280 2726 naldas. Lleuauan tambien. blec
77 2674 1268 2839 dos colorados, hechos de pluma colo
68 2776 1265 2960 rada: y cañas de mahiz, con sus
68 2882 1316 3073 macorcas. Y passando el medio dia,
74 3014 1279 3165 cesauan los ministros del templo
75 3130 1284 3298 del areyto: y venjan todos los prin
64 3235 1278 3413 cipales, señores, y nobles: y ponj
78 3370 1264 3545 anse en orden, delante las casas
72 3484 1258 3650 reales, todos de tres entres. Salia
68 3610 1256 3769 tambien motecuçuma, en la de
65 3716 1270 3873 lantera: y lleuaua la mano dere
65 3828 1254 3986 cha, al señor de tetzcuco: y ala iz
71 3932 1282 4115 qujerda, al señor de tlacuba: hazia
1561 52 2378 220 de las cerimonjas.
1372 264 2520 418 n jquac tlaoaoano, canno iquac
1377 380 2570 538 qualo, vilocpalli: in tlatlattaque
1389 487 2542 616 vmpa conjtquj yn jnvilocpal, y
1379 617 2587 730 mjttac ietiuh, vmpa qujquaqua
1377 693 2569 850 toque. Auh yn imuztlaioc, in
1375 810 2600 942 ie ic cilhujtl: njman pepeoa inteq̄
1389 943 2567 1085 qujxtilo, cenca oc hueca iooan
1374 1042 2570 1170 in peoalo, inpeoa, in vmpa vey
1381 1141 2616 1308 tecpa: qujpeoaltiaia in tlatelulca,
1369 1276 2570 1410 tlaqualizpan qujoalcaoaia: nj
1386 1374 2634 1542 man qujmonpatla tlamacazque,
1372 1496 2585 1656 ynic muchichioaia, ynjc mjhto
1382 1596 2600 1758 tiaia, cantlanenel, çan nepapa
1370 1708 2603 1856 tlatqujtl, papalomatlatl, mich
1380 1836 2620 1983 panjtl, ocholli, tzocoiotl, tzoallitla
1376 1949 2597 2068 chichioalli, xonecujllaxcalli, teu
1382 2068 2601 2215 mjmjlli, can no tzoalli ic qujpe
1376 2176 2576 2333 pechooaia, qujmomochiotiaia
1360 2284 2576 2437 panj: yoan oauhchichilli, çan
1372 2438 2578 2555 tlapaliujtl catca, yoan cintopi
1367 2511 2594 2669 lli eloio, anoço xiloio. Yn omotzca
1361 2650 2582 2785 lo tonatiuh, moceuja intla ma
1375 2778 2581 2902 cazque, njman ie ic monepan
1373 2858 2588 3027 uja, montlamanuja, in tenuch
1366 2956 2566 3119 ca in tlatilulca, vmpanti inte
1357 3063 2597 3214 nuchca, no vmpanti in tlatilul
1372 3198 2567 3345 ca, mixnamjctiuj, cenca çan y
1380 3299 2549 3454 ujian, yn netotilo, cenca vel
1370 3394 2552 3559 cooamantiuh in netotiliztli: nj
1386 3534 2568 3686 man oalqujxoa in tecpa quj
1364 3640 2618 3775 iaoac, oalnemanalo, oalteujca
1377 3735 2570 3886 in moteçuçoma, oalmjtotitiuh,
1365 3851 2560 3982 qujtzatzacutiuitze, qujoalitzcati
1353 3950 2606 4086 tiuj, vmentin veueintin tlatoque
