2676 4128
209 139 817 337 de la fiesta,
54 364 1104 521 los pies, del mismo hanchor, y aun
50 480 1106 625 que sobraua, sobre los pres, mas de
56 560 1099 710 dos palmos, que se tendian delante
54 636 1092 782 los pies, era hecho de tal manera
56 738 1080 882 este hornamento, que qualquje
56 831 1116 988 ra ayre, que corriesse, por poco
63 930 1120 1090 que fuesse, lo menenua, y leuā
56 1025 1127 1177 taua: y todas las plumas resplā
48 1116 1092 1274 decian, y parecian de diuersas
60 1221 1099 1366 colores. Estaua sentado esta es
51 1307 1104 1466 tatua, en vntrono de vn cuero
61 1397 1106 1583 de tigre, que tenja pies, y ma
54 1506 1109 1659 nos, y cabeca natural, aunque
63 1607 1089 1771 estaua seco. Esta estatua asi
63 1711 1130 1880 adornada, no lexos de vn hogar,
76 1817 1127 1951 que estaua delante della, y a
80 1920 1126 2065 la media noche sacauan fuego
88 2005 1120 2172 Nueuo, paraque ardiesse en a
98 2117 1102 2272 uel hogar, y sacauanlo con
96 2219 1123 2358 vnos palos: vno puesto abaxo,
63 2313 1117 2460 Y sobre el barrenauan, con otro
93 2396 1092 2559 balo, como torciendole, entre
108 2497 1096 2656 manos, congran priessa. y
101 2588 1114 2741 con aquel moujmjento, y calor
98 2661 1108 2829 se encendia: el fuego: y alli lo
101 2787 1135 2933 tomauan, con yesca, y encen diā
93 2876 1111 3042 lo enel hogar. Ala mañana
102 2989 1143 3121 enamanesciendo, venjan todos
102 3089 1151 3224 los muchachos, y mancebillos: tra
92 3167 1141 3308 yendo todos la caça, que aujan
98 3276 1141 3392 tomado el dia antes: y ordena
115 3359 1126 3499 uanse todos en rencle, y yuā
111 3460 1123 3604 delante los viejos, que estaua
119 3552 1143 3672 alli junto, a la casa del calpulli
100 3632 1142 3771 donde estaua la estatua, y ofre
123 3711 1156 3864 cianlas, las aues que trayan ca
119 3819 1144 3985 ççadas, de todo genero: y tanz e
1476 89 1856 286 Izcalli.
2219 179 2464 305 fog2
1155 358 2370 516 petlatl mamacouhtoc, can uuch
1148 480 2357 650 camjtzontecon, ixtlapactionoc.
1149 604 2346 763 auh in iehoacl xiuhtecutli ix
1146 732 2338 849 panca tlecujlli, iooalnepantla
1158 833 2359 953 in tlequauhtlaca. Auh movetz
1148 951 2382 1116 tletl, njman ie ic qujpitza, mectle
1157 1063 2372 1196 tlalia: auh ino motlali tletl, mo
1166 1182 2389 1333 tlatvic, motlatlalchipaoac: mec
1169 1281 2399 1441 ommo tecpana, omoiacatia itel
1166 1387 2388 1578 popochti, mpipiltotonti, qujmo
1173 1532 2392 1683 macatimanj, i vevetque, meo
1164 1617 2357 1806 eoa moqujmacique: qujnoal
1178 1751 2380 1922 cujlitimanj i vevetque, tleco
1169 1862 2357 2056 qujmon tlaztimanj, yoan in
1175 1959 2350 2152 ie ixqujoh, maqujn çaçotlem
1176 2103 2338 2263 ocacic, mjxqujch tototl, maca
1167 2190 2367 2381 tzanatl, in tautzanatl, macate
1177 2311 2424 2499 chichictli, i ie ixqujch nepapa
1164 2413 2398 2628 tototl, yoan maxolotl, in acal
1166 2547 2401 2740 tetepon, m mjlquaxochlli, xo
1193 2684 2380 2864 vili, mamjlotl, i xalmjchi, i
1172 2812 2395 2951 acocilin, in cujatl, aneness, mo
1172 2949 2363 3102 chtleço qujmotlaztimanj: nj
1165 3058 2392 3237 maic oalqujztimanj, qujnoatl
1183 3171 2395 3341 macatimanj, ce cenfecl ioauhi
1181 3304 2350 3460 qujltamalli. Auh ixqujch cla
1196 3420 2411 3582 çatl in maceoalli mooauhqujl
1189 3534 2351 3689 tamalhuja: ixpan ontlama
1196 3636 2410 3805 naia in xiuhtecutli: çan teiollo
1195 3763 2420 3947 tlama, in quezquj on tlamanaia
2477 9 2647 136 l0.
