2574 4138
690 -1 1179 203 L. ibro.
188 241 1386 383 tecas, armaronse, y juntaronse,
198 345 1403 484 y fueron ala guerra, con muchos pe
189 439 1424 534 ones, y con es yerno toueyo del dicho
189 523 1369 657 señor vemac. Y en llegando al lu
200 606 1388 754 gar de la pelea, enterraronle aldi
198 700 1349 843 cho toueyo, para aguardar, alos
195 815 1349 933 enemjgos, con los pajes enanos, y
180 914 1363 1022 coxos: despues de auer enterra
180 996 1388 1130 dos atodos aquellos enanos ycoxos.
170 1078 1335 1213 Cque es ardid, que ellos soliante
170 1175 1341 1328 ner, y hazer en la guerra los di
184 1270 1351 1398 chos tultecas fueron apelear, con
163 1372 1373 1502 tra los enemigos de coatepec. Yel
183 1477 1387 1612 dicho toueyo dezia alos dichos pa
174 1595 1345 1716 jes enanos, y coxos. No tengays,
183 1700 1360 1825 mjedo, esforcaos, porque atodos nu
156 1789 1367 1934 estros enemigos emos de matar: y
153 1864 1358 2021 los dichos enemigos de coatepec pre
163 1991 1337 2138 ualecian persigujendo, y vencien
158 2082 1343 2232 do alos tultecas: los quales huyan
158 2172 1341 2327 delante de los onemigos, escapan
151 2279 1338 2420 dose de las manos, de los enemj
153 2392 1332 2553 gos: y astuta, y engañosamente
152 2487 1324 2629 los dichos tultecas, dexaron al di
138 2583 1357 2709 cho toueyo, solo enterrado, con los
138 2669 1338 2792 dichos pages huyendose de los ene
149 2761 1331 2926 migos, y aujan pensado, que los
146 2870 1324 3016 dichos enemigos, matarian al di
132 2969 1340 3098 cho toueyo, con los pages, porque
132 3091 1295 3209 estaua solo con los dichos pages:
130 3151 1352 3298 y se vinjeron adezir, y dar noticia
133 3263 1346 3386 al señor vemac diziendo. Señor ya
123 3385 1303 3505 hemos dexado, a vrō yerno toue
125 3474 1307 3611 yo solo en la guerra, con los pages
121 3561 1253 3703 en poder de los enemigos. Jcomo
114 3653 1291 3793 el señor vemac auja oydo la tray
129 3759 1279 3853 cion, que aujan hecno los dichos
118 3830 1291 3972 tultecas, conel dicho yerno toueyo,
1585 60 1736 211 zO
1483 245 2538 443 yn oqujmontlaltocaque, nua
1470 366 2580 565 ieic vi in tlatlaca anasque na
1453 524 2539 706 teca in qujntlaca anatzque.
1475 611 2541 813 iaovan in coatepeca, auh itla
1474 764 2535 974 venio quimilhuja in xqujcta
1444 924 2538 1078 tzapame, in vilame, maci
1445 1056 2529 1230 ximomauhtica, incan tiquji,
1456 1173 2527 1325 popolozque, njçan tomactila
1441 1310 2532 1473 mizque, auh in ie iuhqui n
1445 1410 2540 1587 man ieic qujnoaltoca intula
1442 1523 2540 1713 ca in jniaooan, in momatqa
1426 1692 2524 1865 ca vncan quimjctizque into
1439 1814 2531 1984 venio, in juhqui ocōnaoalcata
1433 1928 2539 2126 to, qujmiquiz caoato, auhtla
1437 2060 2525 2252 man ieic vitze qujnonotzasta
1437 2186 2525 2396 in tlatoamj in vemac, qujla
1419 2334 2520 2528 que, ca otoconcaoato intove
1428 2490 2504 2632 in momontzin ocatça, acahtl
1456 2607 2477 2825 Vemac: cenca papac ila
1414 2768 2471 2947 ma aconelli, aceiuhqujz
1404 2896 2500 3072 ca caicpinaviztlamatia ina
1405 3000 2511 3204 venio, inoqujmomontica, aujla
1415 3159 2500 3339 in iehoatl in tovenio in vmjoca
1416 3286 2516 3484 qujcaoato iaopan, inquaot
1407 3445 2525 3627 vitze in jniaoan, in coatepeco,
1386 3592 2516 3749 in cacatepeca, njman ie ic qi
1384 3686 2528 3902 naoatia in tzapame intejco
1385 3834 2515 4020 tzome, quimilhuj cenca la
