2606 3966
423 4 823 179 libro. 2.
84 186 1241 342 ta donde estaua el taxon de piedrā
83 329 1247 425 donde le aujan de matar: y ensa can
76 401 1262 520 do acada vno dellos el coracon, y ofre
84 511 1252 652 ciendole, como arriba se dixo: luego
72 596 1280 736 le echauan, por las gradas abaxo, don
76 701 1258 833 de estauan otros sacerdotes, que los
84 792 1253 919 de sollauan, esto hazian enel cu de
67 876 1265 1018 vitzilabuchtli: todos los coracones, des
84 986 1236 1130 pues de auer sacado, y ofrecido, los
85 1087 1273 1211 echauan en vna xicara de madero,
77 1191 1259 1331 y llamauan lalos coracones quauhno
84 1291 1239 1430 chtli, y alos que morian: despues
75 1388 1272 1527 sacados los coraçones, los llamauan
76 1473 1279 1634 quauhteca. Despues de desollados los
103 1573 1260 1738 viejos, llamados quaquacujlti, lleua
81 1684 1257 1804 uan los cuerpos al calpulco, adonde
72 1786 1279 1912 el dueño, del captiuo, auja hecho su
68 1896 1267 2008 voto, o prometimjento, alli le diujdi
66 1989 1237 2114 an, y embiauan amo tecuçoma vn
67 2059 1259 2229 muslo, paraque comjese: ylo demas lo
68 2160 1262 2318 repartian, por los otros principales, opa
72 2252 1246 2392 rientes: yuanlo acomer ala casa del q̄
67 2357 1231 2500 captiuo al muerto, cozian aquella car
73 2438 1261 2562 ne con mahiz: ydauan acada vno vn
53 2526 1237 2678 pedaco, de aquella carne, envna es
69 2625 1215 2748 cudilla, o caxete, con su caldo, y su
60 2728 1231 2849 mahiz cozida: y llamauan aquella
48 2818 1257 2958 comjda, tlacatlaolli: Despues de auer
64 2915 1235 3047 comjdo, andaua la borracheria. Otro
68 3004 1231 3155 dia en amaneciendo, despues de auer
61 3106 1232 3251 velado, toda vna noche, acuchillauā
62 3212 1207 3318 sobre la muela, otros captiuos, como se
51 3307 1211 3443 dixo, enel capitulo pasado: los quales
28 3398 1235 3532 llamauan, gaoanti. Tambien aestos los
41 3485 1187 3614 arrançauan, los cabellos de la corona
43 3584 1246 3699 de la cabeça: y los guardauan como por
46 3686 1237 3793 reliqujas. Otras cerimonjas muchas ha
22 3763 1237 3925 zian en esta fiesta que se quedan porno
1450 18 2276 170 de las cerimonjas.
1363 209 2610 371 oa, amo mocioatlamachtia, moq̄ch
1370 323 2575 489 chicauhtic, oqujcheoatiuh, moquj
1372 439 2539 590 chitotiuh, mellaquauhtiuh, mo
1372 552 2560 705 iolchicauhtiuh, oalmotzatzilitiuh
1376 661 2562 805 amo tlacuecuetlaxotiuh, amo tla
1369 776 2537 938 polotiuh, tlateniotitiuh, qujta
1356 873 2544 1042 uhcaiotitiuh yn jaltepeuh: yiollo
1362 1008 2548 1152 qujmattiuh, qujoalitotiuh, ie no
1362 1125 2548 1285 iauh, annechonjtozque, vmpano
1363 1228 2551 1367 chan yn. Auh yn ie iuhquj yno
1368 1357 2542 1491 axititoque tlacpac, ixpan in vi
1363 1450 2525 1614 tzilobuchtli: njman ie ic cecen
1361 1575 2549 1721 iaca qujmonteca intechcac, ie in
1360 1689 2582 1847 mac in tlamacazque, qujnchiqua
1353 1800 2519 1972 cencaujaia, qujmaquetztiteca,
1354 1920 2469 2065 qujmeltetequj, yca ixquaoac,
1356 2031 2522 2176 patlaoac tecpac. Auh yn jniol
1339 2136 2535 2288 lo, mamalti qujtocaiotia, quauh
1332 2253 2514 2376 nochtli tlacotli: conjoalia intona
1340 2347 2520 2512 tiuh xippilli, quatleuanjtl quj
1329 2458 2516 2610 tlamaca, quizcaltia. Auh yno
1326 2564 2471 2699 ventic quauhxicalco contlalia,
1339 2660 2475 2818 quauhxicalco contlalitiuj: auh
1329 2786 2478 2924 in iehoantin mjquja mamalti
1327 2905 2506 3054 qujntocaiotiaia, Coauhteca: cate
1318 3006 2498 3149 pan qujnoalmjmjloa, qujnoalte
1318 3113 2502 3243 tecujchoa, chachalcatiujtze, maio
1324 3217 2485 3350 tzincueptiujtze motzotzoniquetzti
1314 3320 2469 3470 ujtze, mocuecueptiujtze, ynjc
1308 3447 2514 3583 oalaci apetlac: auh vncan, quj
1313 3558 2511 3665 monana: auh ie in mac in veve
1323 3652 2463 3805 tzitzin quaquacujlti, calpulve
1314 3784 2474 3916 uetque: vmpa qujnujca yn in
