2506 4038
613 35 1183 207 Librō. E.
76 268 1216 375 dillo, descendian se todos, los que le auj
71 354 1212 471 an subido, solamente quedauana
81 438 1222 557 lla, los que aujan de guardar: que
86 524 1213 636 eran los satrapas, deros ydolos: quan
88 609 1222 725 do le acabauan de subir, ya era a
75 683 1219 820 puesta del sol. Y luego entonce, hazi
90 773 1217 905 an ofrendas ala ymagen, de ta
92 836 1236 985 males, y otras comjdas, otro dia en
93 928 1259 1057 amaneciendo: cada vno ensu casa, ha
93 1005 1212 1131 zia ofrenda, de comjda ala ymagen
103 1103 1242 1204 del mesmo vitzilopuchtli, que tenja
96 1171 1212 1286 ensu casa: y todos ofrecian sangre
103 1234 1216 1357 de codornices, delante de la yma
97 1326 1205 1444 gen, que aujan puesto enel cu:
76 1406 1243 1524 primero començaua el señor, arra
97 1486 1227 1599 caba la cabeça aguatro codornices,
97 1572 1235 1711 ofreciando las al ydolo, rezien pu
104 1636 1226 1779 esto, y luego ofrecian los satrapas,
91 1720 1243 1859 y despues todo el pueblo: y enarrā
100 1806 1231 1926 cando la cabeça, ala codorniz, arro
90 1891 1231 2014 jauanla, delante del ydolo, alli an
97 1967 1210 2074 daua reuoleando, hasta que se
99 2056 1212 2169 moria: y los escuderos ys hombres
98 2138 1209 2272 de guerra del señor, cogian las codor
92 2204 1210 2338 nices, despues de muertas: yhazian
101 2292 1216 2434 las pelar, y asar, y salar, y diujdian
89 2378 1257 2499 las entre si, parte dellas al señor, y par
96 2454 1224 2566 te alos principales, y parte a los satra
93 2515 1243 2687 pas, y parte a los escuderos. Todos lleua
97 2608 1233 2727 uan braseros, y enel cu encendian lū
85 2696 1199 2831 bre, y hazian brasa: lleuauan tam
89 2761 1239 2900 bien copalli, y sus incensarios de barro
89 2865 1215 2997 como caços agujerados, y muy labra
90 2931 1208 3083 dos, que ellos llamauan tlemaitl: lle
97 3021 1217 3156 uauan tambien copal de todas mane
101 3110 1232 3256 ras, y comp yuan procediendo, en las
90 3207 1207 3328 cerimonjas, del serujcio, de aquel dios
84 3311 1213 3411 los satrapas llegando acierto punto,
98 3377 1209 3510 tomauan todos brasas, en sus incen
91 3448 1221 3565 sarios, hechauan alli el copal, o incien
78 3538 1225 3664 so: y incensauan hazia la ymagē, de
85 3627 1212 3738 vitzilopuchtli, que poco antes aujan
81 3695 1216 3810 puesto enel cu no solamente eneste
82 3769 1237 3910 lugar, se hazia esta cerimonja, pero:
1517 39 2346 191 de las cerimonjas
1309 260 2420 383 namacac, in qujncotona, çan inpā
1312 367 2401 488 conmantiuh ynjma: njman ie ic
1320 440 2431 570 tlatzomonj, cenuetzi in maceoaltzi
1314 542 2431 681 tli, yn ixqujchtlacatl in tlacoto
1314 636 2433 779 na, yn oqujchtli in cioatl. Auh
1323 759 2456 897 yn iquac tlacotonalo, yujc contla
1319 849 2455 994 ca, yujc conmaiauj, in vitzilopu
1315 969 2438 1098 chtli. Auh in çoçolti in oquech
1321 1098 2441 1191 cotonaloque, tlapapatlatztinemj
1318 1174 2446 1330 papatlacatinemj, tlalli ic moujuj
1315 1280 2434 1433 tequj, tlalli ic momomotla: auh
1311 1423 2431 1526 in teachcaoan qujnpepena, qujn
1319 1496 2437 1613 nechicoa, qujnvihtlatla, qujntle
1320 1612 2468 1747 oatza, qujmiztaioujia, qujmizta
1314 1709 2452 1863 ioquauhoatza: cequj qujtonaltia
1318 1807 2447 1958 yn motecuçoma, auh yn oc cequj
1325 1892 2459 2071 qujntonaltiaia yn jtechiuhcaoan,
1317 1999 2408 2165 ça niioque in pipilti. Auh no ie
1311 2150 2415 2260 hoantin inteachcaoan, tlaiacati
1314 2234 2390 2371 que: no iehoan in tlamacazque,
1312 2326 2459 2487 yoan muchitlacatl qujtquja yapa
1325 2453 2424 2585 tlecax, amo iehoatl in petztleca
1299 2568 2421 2689 xitl, vncan ietiuh tlexochtli, y
1315 2659 2423 2795 oan tlaxipeoalli, contepeuhtitla
1315 2783 2454 2922 lia, contlecauja, contlecujtia, oco
1308 2870 2469 3016 tica contlemjna, vncan tlatlatla
1314 2981 2459 3142 yoan qujtquja iztac copalli, yoā
1320 3086 2406 3240 quauhiocopalli: auh yn iquac
1312 3232 2450 3346 yn ie inman, in ie tlenamaco, in
1311 3300 2450 3426 tlexochtli qujoaltema, tlemaco,
1312 3411 2446 3564 ipan contepeoa yn iztac copalli,
1305 3505 2459 3662 ic conjiaujlia yn vitzilopuchtli:
1315 3645 2459 3767 ic qujtotonjlia, ic qujpopochuja,
1327 3727 2471 3866 amo can yio vncan in vey teupā,
