2636 4224
524 73 992 239 Apendiz:
127 263 1287 404 Derramauantambien sangre, los hō
133 366 1291 483 ores, cinco dias antes, que llegasse
133 428 1286 516 ta fiesta principal, que se hazia
148 507 1316 607 de veinte en veinte dias, por su de
153 565 1300 656 uocron. hazian vnas cortaduras, en
151 657 1313 729 las orejas, de donde sacauan sanore:
148 734 1298 817 ycon aquella sangre, vntauan los ros
142 772 1297 866 tros, haziendo vnas rayas de sangre
132 861 1303 955 por ellos. Las mugeres hazian, como
142 904 1309 1005 vn corro, y los hombres: hazian vna
155 981 1324 1094 raya de recha, deste la ceja, hasta la
157 1045 1291 1187 qujxada. Las mugeres tenjan de
154 1127 1289 1230 uocion tambien de ofrecer, esta
149 1194 1283 1337 sangre, por espacio de ochenta di
147 1272 1325 1404 as, cortauanse de tres entres dias,
145 1350 1293 1509 o de quatro en quatro dias, todo es
140 1464 514 1586 te tiempo.
152 2019 1279 2147 Ofrecian, tambien sangre de aues
175 2108 1305 2225 delante de los demonjos, por su de
157 2176 1301 2297 uocion: especialmente delante de
164 2254 1285 2390 vitzilobuchtli. Y en sus fiestas com
152 2342 1326 2455 prauan codornizes viuas, y arran
148 2397 1337 2521 cauan las cabeças, delante del diablo:
139 2491 1307 2612 y la sangre derramauase alli, y el
139 2575 1316 2694 cuerpo arrojauanle en tierra, y alli
138 2643 1324 2742 andaua reboleando, hasta que semo
135 2725 1285 2826 ria, vnos descabecauan vna, otros
140 2812 1317 2946 dos, otros tres, segun su deuocion.
141 3035 1319 3176 Quando matauan algan esclauo, o
156 3128 1318 3251 captiuo, el dueno del, coxia la san
136 3214 1308 3353 gre, en vna xicara, y echaua vn
144 3311 1325 3424 papel blanco dentro: y despues, yua
142 3387 1301 3493 por todas las estatuas de los dia
146 3462 1304 3596 blos, y vntauanles boca, con el pa
121 3559 1343 3694 pol en sangrentado. Otros mojauā
137 3644 1315 3786 vn palo en la sangre, y tocauan
118 3720 1273 3857 la boca de la estatua, conla mjs
118 3848 550 3978 ma sangre.
1633 48 2226 270 del libro. 2
1430 276 2575 437 Jn mjcoia injc qujchioaia itztlilia
1362 428 2573 556 in contequja in jnacazco, auh njma
1379 523 2557 677 ic qujvalpipiloiaia in eztli in in
1382 647 1853 791 nacaztitlan.
1564 956 2287 1140 Nlenacaztequiliztli.
1392 1194 2557 1387 Can ienoiehoatl in necoliztli in
1377 1342 2548 1522 nenacaztequilizztli in mjçoia in
1366 1501 2006 1636 monacaztequja.
1604 1737 2425 1963 Tlaquechcotonaliztli,
1447 2010 2563 2209 Jntlaquechcotonaliztli ic muchi
1393 2157 2557 2318 vaia ca icoac in tlatototzintli ix
1400 2268 2557 2443 pan qujcotonaia in Diablo no
1394 2403 2558 2542 conjaviliaia, vnean contlacaia
1382 2515 2555 2684 in ixpan Diablo, vncan tlapo
1396 2635 2529 2805 patlatztoc in jtlac in tototzintli
1578 2780 2289 2980 Tlatlatlaqualiliztli.
1416 2982 2566 3170 ynjc muchivaia tlatlatlaqualiztli,
1396 3122 2576 3290 in jcoac oconeltecque in tlacutlia
1404 3262 2560 3442 noço malli, njman qujcuja inieizco
1407 3394 2557 3561 castica yoan aço amatl contla
1402 3519 2559 3683 caia in caxic qujchichinaltiaia
1393 3650 2562 3845 in ezztli, njman iequjtquia cap
1389 3790 2554 3971 tica inizqujntin Diablomein
1383 3875 2539 4073 tenco qujntlatlaliliaia in eztli
