2592 4220
475 0 1117 217 Libro. 2.
103 260 1298 404 manera de penacho: llamauanla es
96 375 1288 462 ta pluma, quetzalmjiaoaiutl: esta
116 436 1306 546 do ordenados, desta manera, tocauā
109 523 1286 646 las cornetas, y caracoles: y luego co
104 610 1288 718 mencauan ayr por su camjno adelan
101 703 1296 805 te. Esta procesion, se hazia para lleuar
104 766 1266 885 alos que aujan hecho algun defeto, de
110 843 1286 948 los que se dixeron atras, al lugar, don
112 928 1256 1061 de los aujan de castioar: y asi los lle
112 995 1322 1111 uauan prelos, enesta procession, lleua
100 1080 1294 1218 uanlos assidos por los cabellos del cogo
102 1167 1254 1299 te, para que no se huyesen a algunos
109 1258 1302 1381 dellos, lleuauan assidos, por los mastles
96 1352 1274 1487 que lleuauan ceñjdos: y los mucha
114 1422 1287 1540 chos sacristanejos, que tambien auja
104 1500 1282 1640 hecho algun defeto, lleuauanlos pu
105 1583 1297 1713 estos, sobre los hombros, sentados en vn
115 1670 1285 1781 sentaderuelo, hecho de espadañas ver
119 1753 1273 1889 des: y los otros muchachos, que eran
115 1846 1298 1951 mayostillos, lleuauan assidos, de la ma
109 1921 1292 2047 no, y lleuandolos al agua, donde los a
117 1996 1292 2128 ujan de castigar: arronjauanlos en el
104 2084 1292 2243 agua, donde qujera que hallauan, al
108 2169 1293 2324 guna laguna enel camjno: ymaltra
117 2245 1275 2389 tauanlos, de ponadas, y coces, y enpe
98 2346 1287 2455 llones, y los arronjauan, y los reuol
108 2424 1318 2547 cauan enel lodo, de qualqujer laguna
100 2504 1274 2652 que estauan en el camjno: desta ma
111 2581 1273 2691 nera los lleuauan, hasta la orilla
111 2698 1310 2778 del agua, donde los aujan decabulir
96 2754 1254 2873 la qual llamauan totecco. Allegados
101 2830 1277 2952 ala orilla del agua, el satrapa, y los
103 2958 1277 3051 otros ministros, quemauan papel en
94 3015 1277 3151 sacrificio, y las formas de copal, que
101 3086 1273 3228 lleuauan, y las ymagines de vlli: y
98 3185 1285 3312 echauan encienso en el fuego, y otro
107 3275 1260 3389 derramauan al rededor, sobre las
111 3357 1266 3486 esteras de juncia, conque estauā
104 3436 1285 3560 ordenado aquel lugar, juntamente
112 3511 1310 3636 con esto, los que lleuauan los culpados,
101 3601 1275 3729 arronjauanlos enel agua, cuyos ool
91 3665 1319 3820 pes hazian gran estruendo, enel agua,
82 3767 1277 3915 y alcauan el agua, echandole en al
100 3858 1258 3985 to, por razon de los que cayan, ene
81 3926 1323 4075 olla. Y los que salian arriba, tornaua
1605 56 2530 218 delas cerimonjas:
1378 266 2528 442 i maxtlaujcoltitech qujmaanti
1378 381 2537 542 manj. Auh intlamaztoton, yno
1377 505 2555 651 axioaque, toliaoalli qujnchichi
1377 603 2528 776 ujliaia, vncan iehetiuj, qujn
1387 729 2546 891 quechpanotiuj. auh in ie achi
1375 859 2557 1001 qualtoton, in matitech qujma
1385 964 2533 1110 antiuj. Auh yn iquac ie one
1390 1114 2574 1246 oa, njman iquac qujnpeoaltio
1373 1232 2570 1353 in qujncujcujtiuetzi, qujnmictia
1375 1315 2533 1481 qujnmamaiauj, intlacana ma
1376 1444 2543 1580 nj qujiaoatl, vmpa qujmontlaça,
1383 1590 2542 1725 vmpa qujnpepetzcoa, qujnmjmj
1366 1682 2539 1848 loa, qujnçoqujpetzcotinemj, quj
1363 1801 2541 1945 coqujnelotinemj, çan iuhqujmo
1375 1934 2531 2052 naxitia yn atenco, in teatlan
1371 2051 2556 2183 papacholoian, itocaiocan totecco
1380 2161 2521 2281 Auh yn iquac yn onaxioac in
1384 2276 2529 2385 tlenamacac, yoan occequjntin
1375 2366 2545 2535 tletlenamacaque, njman ie ic quj
1361 2483 2531 2622 tlatia yn amatl, yoan copalteteul,
1374 2597 2521 2738 yoan vlteteu: yoan yn jiauhtli,
1377 2717 2515 2869 qujtetepeoa, qujcecenmana in
1373 2802 2531 2967 tolpepechpan. Auh yn iquac mo
1374 2951 2515 3079 chioay, yn atl iuhqujntzoponti
1365 3039 2520 3205 manj, ynic teatlanpapacholo:
1362 3172 2503 3306 iuhqujntlacaoacatimanj, vel
1374 3289 2539 3449 macoquetza yn atl: auh yn ach
1366 3406 2539 3559 oalpanuetziznequj conpolactia,
1371 3514 2519 3658 centlanj iauh. Auh yn aca a
1380 3634 2528 3798 matinj, yn oconpolactique, cal
1368 3775 2513 3897 ie ceniauh, vecanonpauetzi, ij
1367 3867 2515 4003 man ic choloa, moieltia, momo
