2656 4152
569 -2 1009 256 ilaslito
55 228 1271 405 Ca quarta casa: deste figno: se
74 367 1284 539 llama naviitzcujntli, dezian:
111 486 1336 654 que qualqujera que nacia en esta
97 619 1319 784 casa, seria rico, y venturoso: yten
101 741 1333 895 dria que comer, y bauer: aunque
95 836 1313 1012 no trabajasse vn solo dia, ni sa
91 982 1297 1128 bria donde le venja, lo que co
94 1049 1320 1236 mja: enqualqujera casa, se hal
97 1191 1333 1343 laria contento: en todo el dia:
120 1306 1308 1477 y aun gañaria algo, para suj
93 1419 1287 1580 tentacion de sus hujjos: y ansi
124 1530 1289 1692 estando descuydado, sele viene
114 1654 1287 1825 loque ade comer:  no sabe
92 1793 1335 1941 dedonde, y deque manera se ha
102 1908 1278 2067 ze esto: aunque trabaje poco,
142 2015 1296 2180 gana algo, para sustentarle,
135 2136 1264 2336 mas dezian: que si el que
105 2259 1292 2439 nacia en este signo, sedaua a
111 2391 1303 2566 criar perritos, todos quantos,
117 2490 1319 2692 qujsiesse criar: se le multipli
110 2637 1292 2831 cauian, y los ggraria, y seria
110 2764 1373 2970 rico con ellos: porque exa gran
101 2883 1360 3098 jeua que se vlaua, y dezian: que
108 3032 1317 3218 era de vn mosmo signo el, yel
110 3151 1349 3349 los: y vnos vende, y otros sele
121 3320 1340 3488 nacen: y con ellos ganaua rō
109 3420 1322 3611 pas, que sellaman quach
107 3570 1316 3772 tli, y se hazia rico del precio
122 3692 1331 3878 de los perros. forque era cos
110 3838 1354 3999 tumbre antigamente, comox
1619 142 1729 251 n. .
1362 214 2562 377 cannenvetzi yn jciaujz, mjtlapa
1362 337 2551 482 lhiz can montenencoa. Eanl
1377 462 2568 662 sitzcujntlai, cemjlhujtonalli: in aquj
1371 577 2552 742 ipamncttacatiti cuth, mjtoaia in otja
1383 681 2565 866 camatiz, iciuhca neciz mj techmo
1375 834 2555 975 nequj mjallhi, yn jtlaqual, i ma
1396 957 2560 1167 canellecu cemjlhujtl: qneztica i
1378 1031 2562 1262 campa tepalcedi iiollo, in vmpa
1398 1176 2566 1408 pati, vmpa ihiiocuj vmpaquj,
1383 1293 2557 1525 tlaca cemjlhujtl: auti ca vmpāi
1379 1431 2581 1642 çana tepal qujcnopilhuja, mnjn
1374 1565 2590 1778 tectimonxquj tipilhoamn, mjc ihito
1386 1673 2560 1945 cujzque, ainemachpian inj nie
1390 1861 2576 2043 ci qujquac: amo: qiimate in canl
1374 1967 2582 2159 paoallaut inenca, iytlatocaia y
1396 2112 2531 2330 tlanel cantepiton, itta onan itla
1391 2232 2537 2451 contequjpanoa njman neci iuj
1392 2351 2558 2566 neiollaliliz, itlaqujcnopilluuja
1384 2531 2550 2701 yoan iuh qujtocua: in tleutzcujta
1394 2654 2544 2819 nemjti, mitzcujntli itonal, mja
1415 2797 2574 2949 velmoquetzazque, oapaoazque
1409 2933 2582 3096 mjtzcujoa, aiac cocolmjqujz, iujtli
1404 3048 2549 3245 qujntlamecujlivi, iujtiqujiitlatē
1415 3157 2603 3376 xalicqj, iuhqujntapipitica, in jtlalo
1418 3267 2572 3504 queneltioço, itonalecapoga mitz.
1408 3418 2553 3632 cujtli, mjc vel itechmochioa ili.
1396 3536 2593 3756 cujnnemjtiliztli, ixqujchqujntia
1403 3691 2565 3861 teaça, auh ixcqujet tlacati, n olia
1412 3802 2569 3990 quactqujcaia, no ic mocujltanbia.
