2526 4008
328 41 885 238 de la fiesta
76 233 1085 363 de los montes, aunque estuuje
58 335 1058 440 ssen lexos yuan a hazer esta
53 413 1098 535 deuocion, de noche, y desnudos:
58 491 1094 639 todos los dias, y todas las noches,
52 571 1069 714 hasta llegar aeste mes, de pan
55 665 1093 803 quetzaliztli: por ramos lleuauā
76 762 1102 884 cañas verdes, y espinasde ma
75 843 1073 968 guey, yuan tañendo: con su
75 933 1132 1067 caracol, o corneta, y con su pito,
64 1019 1132 1144 vn rato tañjan, con la corneta
52 1103 1091 1244 y otro rato conel pito: y assi y
63 1186 1064 1299 uan remudando la musica.
52 1295 1091 1437 Acabado el mes, de quecholli,
74 1388 1120 1540 que es este passado, luego co
69 1487 1124 1620 mencauan abaylar, yacan
65 1595 1111 1726 tar: y cantauan, vn cantar
69 1672 1139 1812 que sellama tlaxotecaiotl, que
71 1770 1132 1929 es cantar, algor de vitzilo puch
77 1876 1131 2019 tli: comencauan este cantar
81 1962 1126 2115 al principio de la noche, y a
90 2054 1154 2190 cabauan ala media noche, qua
87 2162 1144 2302 do tañjan amaytines. Eneste
93 2256 1142 2411 cantar cantauan, ybaylauā
102 2346 1126 2488 ambien las mugeres, mezcla
123 2425 1160 2599 das con los hombres: Nueue di
99 2517 1171 2673 os antes que matassen, los que
102 2620 1169 2787 aujan de morir, banauan los,
86 2728 1178 2865 que aujan de moxir: con agua
87 2794 1154 2969 de vna fuente, que llaman vi
85 2882 1141 3064 tzilatl, que esta cabe el pueblo
93 2995 1163 3150 de Vitzilopuchco: por esta aguā
86 3100 1153 3243 yuan los viejos de los barrios,
93 3220 1150 3345 trayanla, encantaros nueuos, y
100 3307 1179 3455 atapados con hojas de cedro, que
102 3399 1168 3517 llaman aueuetl. En llegando
93 3492 1171 3637 adonde estauan los esclauos, q̄
90 3601 1171 3733 estauan delante del cu de vitzi
96 3708 1150 3839 lopuchtli, acada vno echauan,
1303 40 2118 229 Panquetzaliztli:
2256 86 2495 211 f.83.
1170 243 2281 363 mozco, in veca. Auh in m quj
1171 332 2303 517 chioaia, ixqujchica onaci in
1148 487 2293 629 Panquetzaliztli, monacxoia
1160 590 2294 759 tlaliaia, çan pepetlauhtivi,
1188 703 2290 868 atle intech vetztiuh, qujtquj
1188 817 2325 981 tivi macxoiatl, iehoatl ma
1202 932 2328 1128 catl xoxouhquj, yoan vitztli
1194 1036 2359 1233 yoan in tecciz, yoan in cocovi
1181 1143 2348 1357 lutl qujpitztivi, qujpapatla
1185 1288 2366 1455 tivi in qujpitza. Auh i oqujz
1198 1388 2384 1574 quecholli ilhujtl: njma ic peoa
1211 1495 2385 1683 mcujcoianolo, in cujcatl meoa
1196 1601 2388 1752 itoca tlaxotecaiotl, icujc in vitzi
1183 1710 2366 1882 lobuchtli: mipeoaloia, iquac in
1194 1848 2375 1986 tlatlapoiaoa: auh in necacaoa
1192 1940 2353 2131 loia, iquac in tlatlapitzalizpā,
1208 2057 2342 2253 m ietlatlapitzalo: noteoan cuj
1195 2164 2361 2365 coianoa in cioa mavienjme, te
1206 2266 2392 2467 tzatzalan mantivi Jmjuh omjto
1219 2380 2354 2575 mumuztlae i muchioa. ax
1225 2520 2377 2737 qujchica cempoalilhujtl. Auh
1232 2652 2363 2839 moacic tlachicienaviti, vncan
1219 2748 2365 2943 moteualtiaia in tlatlaltilti, a
1220 2887 2371 3059 noco suchimjcque: in calpul
1217 3023 2390 3186 vevetque, conanaia atl; vmpa
1231 3137 2375 3279 m vitzilobuchco conanara atl,
1232 3259 2391 3427 vmpanca vitzilatl, oztoc, ave
1255 3405 2354 3559 vetica in qujoaltzatzacutivi.
1245 3526 2405 3684 in tlan qujoala antivi: moquj
1262 3646 2367 3832 oalhujçaque: njman ie iequj
