2614 4214
603 56 1060 262 Libro
141 292 1323 441 a otro lugar que se dize coaxalpa.
139 404 1298 520 Y mas otra ves pregunto, el dicho
151 473 1332 609 vitzilobuchtli, al dicho quaujtlicoc
131 556 1346 713 diziendole. A donde llegauan; yres
120 666 1337 814 pondio diziendole: que ya llegauā
131 777 1326 925 aotro lugar, que se dize Apetlac
99 864 1295 1010 Y mas le pregunto, el dicho vitzi
127 962 1297 1093 lobuchtli al dicho quaujtl ycac, di
124 1067 1306 1189 ziendole. Adonde llegauan: yles
140 1149 1307 1298 respondio diziendole, que ya llega
135 1254 1318 1394 uan al medio de la sierra. Y mus
139 1348 1322 1498 dixo el vitzilobuchtli, preguntan
130 1441 1307 1586 do al dicho quaujtl ycac. Adonde
125 1538 1314 1713 llegauan: y le dixo, que ya llega
115 1677 1278 1799 uan, y estauan ya muy cerca: y
121 1747 1284 1865 delante dellos venja la dicha co
130 1833 1257 2004 yolxauhquj. Y en llegando los di
114 1960 1270 2096 chos yn dios centzonujtznaoa, nas
103 2050 1292 2183 cio luego, el dicho vitzilobuchtli:
99 2145 1294 2280 tray endo consigo, vna rodela que
111 2247 1253 2378 se dize teueuelli, con vn dardo,
97 2354 1241 2492 y vara, de color acul: y ensu ros
97 2433 1267 2564 tro como pintado,  en la cabeca
102 2541 1261 2669 traya, vn pelmaco de pluma pe
108 2639 1290 2780 gado: y la piernasinjestra delga
116 2750 1273 2853 da, y emplumada, y los dos mus
84 2822 1293 2956 los, pintados, de color acul, y tam
88 2903 1245 3043 bien los braços. Y el dicho vitzilo
80 3025 1278 3131 buchtli, dixo avno, que se llamaua
94 3094 1271 3221 tochan calquj, que encendiesse vna
91 3175 1256 3305 culebra, hecha de teas, que se lla
82 3272 1246 3410 maua xiuhcoatl: y ansi la encen
75 3354 1266 3480 dio, y conella fue herida, la dicha
88 3447 1246 3572 coyolxauh, de que murio hecha
66 3539 1246 3664 pedaços: y la cabeca quedo en aque
67 3618 1243 3769 lla sierra, que se dize coatepec, y
72 3716 1265 3843 el cuerpo cayose abaxo hecho peda
69 3828 1262 3948 ços. Y el dicho vitzilobuchtli, leuanto
73 3901 1280 4048 se, y armose, y salio contra los dichos
1536 132 1707 285 3.
1417 303 2618 483 matlatquj, in anecuiotl, in tzitzil
1411 437 2565 606 amat itechpipilcac, tlacujloli,
1422 568 2573 765 yoan incoiolli in cotztitech qujl
1395 690 2588 899 pique, injn coiolli mjtoaia oionca
1413 849 2585 1035 yoan injn miuh tlatzontectli, iu
1393 997 2567 1163 man ie icvi totecpantivi, tlatla
1383 1060 2617 1292 mantitivi, tlaieiecotiuj, momaqjā
1398 1273 2560 1436 tivi, teiacana in Coiolxauhquj,
1389 1417 2579 1607 auh in Quavitl icac, njmanieso
1375 1575 2560 1749 motlalotitleco, in qujnonotzaz in
1403 1696 2567 1885 vitzilobuchtli quilujca ievitze,
1381 1834 2558 2018 njman qujto in vitzilobuchtli, vel
1372 1982 2539 2143 xontlachie can ievitze njman
1362 2131 2554 2297 ie ic conilhuja in Quavitlicae
1373 2259 2533 2424 caie tzonpantitlan, ie noceppa
1362 2366 2549 2581 quioalilhuja in vitzilobuchtli ca
1358 2536 2531 2716 ievitze, njman conilhui caio
1365 2704 2518 2862 coaxalpan vitze, ie noceppad
1356 2813 2520 2981 oalilhuj in vitzilobuchtli in te
1355 2928 2560 3117 vitl icac: tlaxontlachic canieplita
1359 3082 2561 3286 njmanic comlhui caie apetlca,
1356 3224 2534 3425 ie noceppa quioalilhii canienl
1351 3339 2526 3544 tze, njman comlhuj in quaviti
1360 3526 2551 3688 icac: ca ie tlatlacapan iativitzo.
1335 3645 2543 3804 Auh in vitzilobuchtli: ie no cepiia
1363 3762 2527 3969 quioalilhuj, in quavitl icac, qui
1364 3899 2531 4072 huj tlaxontlachia canievitze,
