2450 4018
507 43 1147 237 Pibro. 2.
64 239 1251 368 de las diosas: tambien, enrrama
74 345 1251 468 uan los altares, donde estauan
76 423 1259 558 las estatuas, de los ydolos parti
71 519 1259 659 culares, en las casas del pueblo:
60 618 1271 763 y dauan les por esto, en cada ca
75 717 1310 826 sa, vn chiqujujtl de mahiz, o qua
79 787 1293 945 tro macorcas: y los mas pobres
69 886 1262 1015 dauan los dos otres macorcas:
58 991 1249 1120 llamauan aesto cacalotl, como
80 1092 1286 1254 qujen dize agujnaldo, paraque
77 1214 1267 1359 comjessen tostado: y no lo comj
81 1305 1247 1449 an todos, sino aquellos, que
82 1390 1276 1563 eran ya conocidos, por diligen
85 1516 1239 1662 tes, y trabaxadores. Alos tres
84 1625 1279 1760 dias, que andauan enrraman
75 1708 1280 1872 do, llegaua el dios, que llamauā
70 1813 1259 1964 telpuchtli, y tlamatzincatl: est e
67 1896 1223 2097 llegaua primero, porque como
75 2020 1290 2147 mancebo, andaua mas, y era mas
85 2106 1276 2272 rezio, y ligero: y assi ofrecianle
89 2195 1250 2367 altercero dia: y las ofrendas, q̄
78 2299 1261 2495 le dauan, era semjlla de bledos,
86 2414 1262 2557 tostada, y molida, y lo rebolujan
81 2507 1256 2668 con agua, y otro rebolujan, con
76 2632 1276 2765 mjel, y hazian quatro pellas des
68 2713 1289 2859 ta masa, y ponjanlas en vn pla
68 2831 1262 2952 to. Esta era la ofrenda de cada
71 2921 1239 3070 vno, de los que aujan de ofre
86 3006 1272 3184 çer: y luego las llegauan a ofre
75 3118 1244 3290 çer, a aquel dios en su cu, y se
69 3220 1270 3383 las ponjan delante. Ala noche
72 3323 1278 3502 luego començauan, abeuerpul
63 3435 1259 3583 chre, los viejos, y las viejas: de
66 3532 1249 3700 zian, que lauauan los pres al
80 3651 1283 3807 dios telpuchtli, que auja llega
63 3724 1277 3873 do de camjno. Enel quarto dia
63 3821 1255 3957 qujtauan los ramos, que aujan
1509 40 2353 224 de las cerimonjas
1349 238 2392 386 pipielo mj mjxiptlaoan
1359 347 2398 514 diablome: auh in techacho
1348 494 2382 586 no vian onacxoiatemaia,
1353 575 2364 742 qujnoalmaca, acocenchii
1347 699 2393 879 qujuhtzitli in tlaolli, ano
1342 832 2378 999 ço emtli, naolotl: iicana
1346 953 2390 1099 ieolo el: in cenca motolinja,
1349 1069 2362 1228 omolotl memtli quj oalte
1350 1174 2377 1318 maca: moteneoa, cacalotl:
1339 1290 2390 1453 caqujmocalhujaia in telpo
1349 1394 2396 1547 pochti: auh acac can nemo
1344 1508 2401 1644 calhujaia, çan iehoantin mi
1346 1613 2399 1774 mei, iclacelianj, in tlamo
1348 1738 2414 1887 cuj tlavianj, in cochiçanj, in
1347 1815 2432 2008 amo tlatlacanequjnj mjttc:
1356 1968 2411 2097 stuh mieicseilhujtl acxoia
1340 2032 2426 2209 temalo: iquac heco i fel poā
1314 2149 2420 2316 tli, itoca: tlamatzzncatl, oca
1315 2299 2417 2448 iacattivia, iehoatl achto huca
1324 2434 2404 2589 ipampa in oaliacaltivia, cos
1324 2536 2396 2692 telpochtli, occhicaoac, tlas
1338 2650 2399 2825 anj, cotze: ipampa mactu
1326 2764 2406 2939 oalaci, yoan qujtlamanjl
1318 2889 2398 3059 aia: in qujmanjliaia, mjcā
1314 3009 2411 3165 oauhtli, in clapololli: achios
1311 3140 2426 3304 pa qujcequj, qujtzomotzac
1330 3214 2431 3412 malco, catapan qujteci: c
1326 3362 2402 3540 moqujtezque, catepā qujl
1298 3475 2391 3668 loaca, atica: cequj neçut
1328 3605 2422 3759 a, in qujpoloaa: aco macu
1304 3704 2408 3904 tetl, açonauhtatl in coolo
