2604 3964
212 25 882 208 de la fiesta
112 216 1237 348 pillejos compuestos en lugar de flores, cō
117 322 1220 416 mahiz tostado, que ellos llaman mo
114 378 1223 478 mochitl: que cada orano es como vna
111 447 1202 535 flor blanqujssima: estos capillejos e
106 530 1220 623 ran ala manera, que los capillejos de
96 592 1245 698 flores, que vsan las moças en campos
107 665 1223 770 por mayo: lleuauan tambien vnos sar
113 743 1201 859 tales de lo mismo, colgados deste el ho
113 834 1216 918 bro, hasta el sobaco, de ambas partes, a
109 905 1189 1018 esta manera de dançar, llaman tla
121 965 1194 1082 naoa, que qujere dezir abracado: quj
127 1036 1222 1139 aoa in vitzilopuchtli, abraçan a vitzilopu
121 1122 1210 1216 chtli: todo esto se hazia con gran recato
121 1171 1202 1289 y honestidad: y si alguno, hablaua, omj
112 1248 1220 1360 raua, desonestamente, luego le castiga
112 1307 1196 1438 uan, porque auja personas puestas, q̄
112 1383 1213 1485 velacan sobre esto. Estos bayles, y dan
105 1451 1206 1557 ças durauan hasta la noche. Quande
112 1520 1220 1608 por espacio, de vn año, regalauan al ma
110 1595 1217 1705 cebo, que al principio se dixo, q̄ era yma
109 1668 1231 1769 gen de titlacaoan: y le matauan, enel
105 1745 1212 1844 principio desta fiesta, juntamente cri
108 1806 1234 1911 auan otro, q̄ llamauan Ixteucale: y por
108 1904 1209 1975 otro nombre, tlacauepan, y por otro te
105 1947 1180 2056 icauhtzin: y andauan ambos juntos,
100 1997 1215 2137 aunque aeste no le adorauan, como al
106 2078 1172 2198 otro, y njle tenjan en tanto: acabadas
107 2165 1193 2272 todas las fiestas ya dichas, y regozijos
98 2224 1177 2314 dcerimonjas, alcabo matauan aeste
120 2284 1179 2404 tlacauepan: el qual era ymagen, de
111 2351 1219 2479 Ditzilopuchtli, para auer le de matar,
105 2414 1231 2531 componjanle con vnos papeles, todos pin
109 2511 1189 2606 tados, con vnas ruedas negras: y ponj
100 2568 1182 2662 anle vna mjtra, en la cabeça, hecha
87 2652 1171 2770 de plumas de agujla, con muchos pe
97 2712 1206 2831 nachos en la punta, y en medio de los
79 2789 1218 2880 penachos, lleuaua vn cuchillo, de peder
84 2864 1195 2966 nal enyesto, y teñjdo la mjtad con san
85 2931 1218 3028 ger, y ua adornado este pedernal, con
75 2993 1210 3084 plumas coloradas, lleuaua en las espal
76 3073 1197 3170 das, vn ornamento de vn palmo en qua
79 3129 1192 3250 dro, hecho de tela rala: alqual llama
70 3212 1207 3305 uan ycuechin, atada con vnas cuerdas
79 3271 1195 3384 de algodon alos pechos, y encima del cue
79 3352 1200 3464 chin, lleuaua vna talequjlla, llamauan
79 3410 1201 3519 icpatoxin: lleuaua tambien, en vno de
66 3487 1191 3588 los braços, otro ornamento, de pellejo de
73 3537 1197 3657 bestia fiera, amanera del manjpulo, que
63 3614 1199 3717 se vsa en la mjssa: a este llamauan yma
63 3655 1185 3798 tacax: lleuaua tambien vnos caxcabeles
1506 -2 1923 186 oxcatl.
2229 78 2487 209 fo. 37.
1300 216 2474 368 intla aca itto, tecamanahuja: njmā
1294 345 2470 465 tlalli ic qujujtequj, inteachcaoan,
1301 436 2402 586 qujnujujlana, qujntitilicca, quj
1298 534 2394 646 miicça: iehica in qujnmjctiaia
1294 622 2434 783 ca teupan, catla aujlqujxtia, quj
1297 746 2419 867 mjlhuja: ca vncan tlamaceoalo,
1300 828 2403 973 vncan ilhujtlalo, çan iuh onio
1299 929 2392 1077 oa in netotilo, ic ontlamj ince
1296 1056 2426 1191 milhujtl, in ontzonquiz ilhujtl.
1299 1156 2406 1288 Auh yn jmuztlaioc, in apeoalco
1285 1242 2395 1382 nonetotilo, nonecocololo: auh i
1291 1352 2469 1512 quac mjquj, yn Ixteucale, ynjn
1281 1474 2452 1603 neoan onenca Titlacaoan: auh
1299 1601 2437 1729 ynjn nomotocaiotia, tlacavepa
1270 1682 2417 1820 yoan tehicauhtzin. Auh ynjc
1287 1799 2428 1939 tlacujlolli, yn jamatlatquj, tez
1281 1911 2425 2069 capocio yn jamacal, quahuj
1282 2009 2394 2168 ujio, momoiaoa yn jvitzoncal:
1285 2116 2407 2255 tecpatl iquanepantla icatiuh, tla
1281 2212 2394 2357 palihujtl ynic tlachioalli: yoan
1271 2315 2365 2446 no ycuechin, icampa vetztiuh,
1267 2471 2381 2561 icpatoxi, yoan imatacax imac
1280 2557 2387 2666 pilcatiuh, tequaneoatl, oiooalli
1275 2641 2385 2752 contlalitiuh, tehoan mjhtotia
1274 2749 2419 2882 mococoloa, teiacantinemj, teiacac
1272 2827 2350 2975 ycatinemj. Auh çaniillo tlama,
1277 2969 2402 3076 in quenman miquiz, in queman
1257 3045 2389 3182 connequiz, yn oqujnec, njman
1255 3172 2399 3275 ie ic onmotemaca, yn vncan mj
1267 3250 2405 3402 quiz: qujoalana in tlamacazque,
1269 3350 2404 3520 motocaiotia, tlatlacanaoalti, quj
1276 3480 2384 3624 titilinja, ça ana, queltetequj: yni
1266 3586 2372 3712 iollo conjaujlia in tonatiuh; auh
1266 3652 2393 3806 yn itzontecon, çan no tzompatitech
