2632 4102
1106 66 1516 259 stpendiz.
91 189 1144 382 Capitulo deziocho, del
1313 220 2564 434 Inic caxtolli omoycapitulo
125 330 1149 501 quemardelos escobajos,
1306 366 2539 545 ytechpa tlatoa: in quenjn mo
148 444 642 588 del mahiz.
1308 499 1915 650 tlatia olotl
1308 580 2491 801 Iniquac aca mjxivia, avel vn
61 633 1236 802 Otra abusion tenjan: que donde
1338 730 2493 898 çan qujtlatiaia in olotl: in vn
64 765 1243 918 qujera, que auja alguna muger re
1337 820 2487 987 can onoc mjxiuhquj, qujl in
67 863 1265 995 zienparida, no hechauan en el fue
1316 939 2494 1113 tlavncan tlatlaz: yc ichchichi
34 1001 108 1086 t
81 982 1231 1140 os escobajos, o grançones del
1322 1062 2482 1231 tinjz in piltontli. Auh intla
61 1078 1213 1240 mahiz, que son aquellas macor
1311 1170 2504 1314 ca vnean tlatlaz in olotl: achto
54 1193 1239 1353 qujllas, que quedan despues de
1325 1283 2511 1457 pa ijxco conqujqujxtilia, ijxco
67 1302 1252 1458 delgranada el mahiz, que llaman
1323 1381 2551 1576 convivica in piltontli: injc amo
60 1429 1242 1566 olotl, dezian: que li se quemauan
1320 1524 2500 1679 iuh ipan muchioaz, injc a
51 1519 1239 1694 estos escobajos en aquella casa, la
58 1628 1259 1798 cara del njno, que auja nascido:
1312 1654 2009 1791 mo ichichitinjz
50 1759 1219 1921 seria pecola, y hoyola: y paraque
60 1892 1273 2033 esto no fuesse, aujendo de quemar
76 2014 1265 2147 estos grancones, tocauan los pri
49 2100 1229 2259 mero enla cara del njño, lleuan
61 2215 1235 2350 dolas por encima: sin tocar en
57 2339 481 2494 la carne.
70 2435 1244 2677 Capitulo dezinueue, de
1329 2456 2538 2641 Injc caxtolli onnavica
1301 2609 2500 2796 pitulo, ytechpa tlatoa: yn
60 2638 983 2813 ra muger prenada.
1306 2743 1946 2922 cioatl otztli.
1298 2888 2486 3103 Incioatl otztli, amo vel qujttaz,
46 2896 1201 3091 Otra abusion dexaron los anti
1313 3039 2472 3198 in aqujn iequjpiloa: yehica, qujl
49 3034 1247 3208 guos, y es: que la muger preñada
1309 3141 2525 3311 mach in jquac mjxiviz, nacatica
54 3153 1226 3316 se deuja deguanrdar, de que no
1305 3249 2461 3410 oalquechmecaiotiaz inpiltontli
58 3240 1234 3418 viesse a njnguno que horcauan, o
1293 3352 2496 3521 Ipampa yn ic qujmjmacaxiltiaia
44 3365 1246 3526 dauan garrote: porque silevia, dezi
1311 3458 2483 3621 in ievecauh in ootzti. No yoan y
61 3470 1210 3599 an: que el nino que tenja en el
66 3566 1228 3696 vientre, naceria con vna sooa decar
1315 3573 2492 3709 njquac otztli cioatl, in jquac qualo
61 3663 1262 3810 ne ala carganta. Tambien dezian.
1305 3681 2462 3799 tonatiuh anoço metztli: amo vel
50 3765 1235 3938 quesi la muger preñada, mjraua al
1313 3794 2495 3951 qujttaia, qujlmach in tlaqujttaz:
48 3870 1292 4009 sol, o ala luna, quando seecelipsaua
