2350 3530
448 50 865 183 del libro.
126 180 1114 327 Capitulo veynte y tres, de las
118 303 407 431 gallinas.
146 387 1067 516 Ytra abulion tenjan, dezian: que
131 468 1134 571 quando las gallinas estauan hechadas,
114 541 1098 631 sobre los vueuos: si alguno yva tazia
118 603 1131 689 ellas calcado, con cotaras: no sacarian
114 678 1083 782 pollos: y si los sacassen, serian en fer
122 731 1112 858 mos: y luego se muriuan. Y para reme
110 802 1093 903 dio desto: ponjan cabe el njdo de las
114 883 868 992 gallinas, vnas cotaras vujas.
123 956 1079 1132 Capitulo veynte y quatro, de
89 1063 476 1192 los pollos
103 1171 1101 1311 Otra abusion, dezian: que quande na
114 1251 1075 1358 cian los pollos, si algun amancebado,
111 1331 1095 1406 entraua en la casa, donde estauan: luege
96 1393 1098 1493 los pollos se cayan muertos, las patas as
94 1433 1093 1542 riba: y esto, llaman tlaçolmjquj. Y si
94 1501 1101 1647 alguno de la casa, estaua amancebado
97 1586 1102 1682 o la muger, o el varon: lo mesme aton
109 1646 1075 1744 tecia alos pollos: y en esto conocian,
96 1707 1090 1838 que auja algun amancebadlo, en al
71 1789 398 1911 guna casa.
79 2342 1073 2504 Capitulo veinteycinco, de las
81 2452 865 2598 piernas delas mantas.
79 2592 1072 2719 Otra abusion tenjan, dezian: que quan
73 2676 1063 2783 do se texia alguna tela, ora fuesse pa
84 2753 1056 2840 ra manta, orapara naoas, ora para
81 2807 1054 2914 dipil: o si la tela, se afloxaua de vna
78 2880 1066 2994 parte, mas que deotra, dezian: que
69 2944 1065 3067 aquel para qujen era, exa persona
70 3026 1062 3142 de mala vida: y que se parecia, en
59 3112 1043 3245 que la tela, separaua vizcornada,
1412 84 1483 173 s
2063 119 2250 225 .fo. 25.
1197 168 2212 337 Jnjc cempoalli omeycapitulo, in
1208 308 1994 421 techpa tlatoa in totolme.
1239 391 2196 487 ntotolme: in iquac tlapachoa, amovel
1195 486 2170 555 inpan calaquj inmoçactia: oc cenca y
1182 533 2181 627 quac in ie tlapanjzque totolti, qujlmach
1184 592 2192 691 ic moçototztlalia: amovel tlapanizque,
1187 666 2167 741 cequjntin ic mjquj: auh in cequjntin y
1195 724 2211 812 njquac tlacati qujlçan cocototzpipil, in vn
1190 790 2194 876 çan cate incacalloc. Auh qujl injcamo
1181 851 2161 950 iuh muchioazque yn, caççolli intlan
1177 908 1800 1008 qujtema in tlapachoa.
1184 971 2192 1099 Injc cempoalli onnavi capitulo
1181 1071 2237 1158 intechpa tlatoa yn totolconentoton.
1170 1141 2199 1271 Auh in jquac otlacatque in totolconen
1177 1249 2202 1328 toton: avel inpan calaquj inmomecati
1178 1315 2196 1410 anj, in aço cioatl, in anoço toqujchtin,
1160 1374 2161 1478 in anoço namjqueque: in jquac ina
1171 1442 2178 1544 co oqujtlaxin in amjc, intla inpom
1177 1509 2208 1597 ocalac, qujtoa: qujntlaçolmjctia. Auh
1175 1573 2174 1679 injc neu çan muchintin aaquetztiuj
1171 1647 2177 1746 injcmjquj, totolpipil, ic qujtoa: ca tla
1178 1711 2183 1803 çolmjquj: aço aca inpan ocalaqujco, ano
1163 1787 2167 1883 ço oqujmjttac, anoço aca vel chane ino
1160 1849 2190 1954 qujntlaçolmjcti: ic qujmatia, in çan mu
1168 1920 2151 2017 chin aaquetztivi totolme, injc mjquj.
1143 1991 2154 2077 Qujl noiuh inpan muchioa in namj
1159 2056 2197 2153 queque, in aço cana qujtlaxima in amjc,
1163 2123 2176 2222 maço cioatl, anoço toqujchtin: injcquj
1152 2185 2178 2287 mati, çan qujpiquj in aaquetztivetzi, a
1161 2240 1903 2345 noce cana motlavitequj.
1135 2338 2260 2487 Jnic cempoalli ommacujlli capitulo,
1142 2470 2122 2575 ytechpa tlatoa: in icpatl qujqujti
1132 2559 2194 2703 Injcpatl, in aço tilmatli, anoço vipilli
1151 2686 2166 2764 anoço cueitl: in jquac qujqujti inchico
1150 2749 2144 2853 patilivi, in chicoviaqujxtiuh, intenne
1129 2821 2177 2940 cujliuhtiuh, qujtoaia: qujlmach amo
1135 2904 2129 3029 tlacaiollo yntilmaoa, yn vipilli: çan
1138 2981 2153 3095 cueciuhquj, çantlatlaveliloc: amo
1131 3059 1402 3145 tlacaiollo.
