2650 4404
1233 87 1689 265 Apendiz.
213 256 1456 425 luego los padres, y madres, haziā
1528 264 2608 463 caquja yn calmecac, in anoioa
219 405 1445 556 voto: y ofrecian la criatura, ala
1531 411 2598 634 puchcali, quitoznequi, qujnloā
202 514 1469 670 casa de los ydolos, que se llama
1514 552 2600 740 tia, vmpa quivenchioa, qujla
213 621 1412 760 calmecac, otelpuchcali: era la
1520 690 2609 880 mana in toupan ineaimocaa
195 722 1402 875 intencion de los padres, o fre
197 856 1398 964 çer la criatura, ala casa de
1508 815 2609 1013 in jctlamacazqujies, yn ancd
192 951 1382 1104 los ydolos, que se llama cal
1501 948 2596 1138 telpuchtli. Jn tlatelpuehcalico
190 1074 1400 1218 mecac, paraque fuesse mjnis
1486 1108 2599 1297 quja, qujnetoltia, qujceuā
191 1169 1407 1331 tro, de los ydolos: vinjendo a
1483 1245 2609 1449 in atl in tlaqualli, qujnnotzia
192 1280 1391 1441 edad perfecta. Y si ofrecian
1495 1395 2601 1597 qujncentlalia, qujntlatlala
180 1420 1351 1545 lacriatura, alacasa de tel
198 1518 1402 1668 puchcali, era su intencion
1484 1538 2598 1726 tia in telpuchtlatoque, tlau
192 1632 1421 1797 que alli se criase, con los otros
1479 1660 2600 1895 tlauhtia in piloaque, hujita
175 1758 1386 1917 mancebos: para serujcio del
1477 1799 2603 1957 canjcan amechoalmottaulilia,
175 1878 1361 2047 pueblo: y para las cosas de la
1473 1939 2609 2163 in totecujo in tloque naoaqjla
137 2016 1404 2177 guerra: y antes que le lleuasse
1464 2090 2607 2277 A. canjcan anquimocuilia all
162 2128 1354 2273 ala casa del telpuchcali, los
1464 2236 2610 2409 quimocaquitia, ca oqujmonucoa
163 2224 1328 2393 padres hazian, y gujsauan,
148 2340 1379 2525 muy buena comjda: y conbida
1468 2343 2598 2497 in totecujo ce cozcatl quetzalli, na
144 2479 1377 2597 uan, alos maestios, de los mā
1457 2488 2601 2655 omecavi piltzintli, aviz nellec
143 2599 1381 2769 cebos: que tenjan cargo de criar
1452 2602 2599 2813 can motetzaoaltiznequj, ie po
136 2694 1340 2857 los, y mostrarles, las costum
1443 2731 2555 2960 tzintli, cujx malacatl, tzotzi
143 2786 1373 2970 bres: que en aquella casa, vsa
1444 2881 2576 3073 tli, ymactictequilizque, catla
144 2913 1358 3077 uan. Y hecho el combite, enca
126 3030 1378 3181 sa de los padres, del muchacho:
1450 3046 2583 3224 catzin, ca amoçonetzin. C
114 3129 1335 3304 hazian, vna platica, alos maes
1430 3143 2603 3345 amopiltzin, amocuexantzio,
104 3247 1343 3404 tros que los eriauan, y dezi
1442 3260 2604 3481 amomamaloaztzinco tocontla
113 3363 1356 3511 anles. Aquj os a traydo, nuestro
1420 3420 2603 3632 lia ca amopilhoantzitzin cad
119 3479 1334 3593 señor, criador, del cielo, y de la
1420 3554 2620 3748 tlacazcaltia, ca antlacaoapaca
108 3585 1295 3713 tierra, hazemos os saber: que
111 3700 1287 3856 nuestro señor fue serujdo, de
1414 3655 2602 3879 ca anquaulehioa, amoçolocli
105 3815 1307 3991 hazernos merced, de darnos. y
1414 3793 2598 4031 oa: anqujtlaçaoapavilia, ino
102 3942 1318 4078 nacriatura: como, vna ioyaro
1410 3964 2614 4110 nan intoto in tlaitecutli tona.
93 4009 1350 4175 pluma rica, que nos fue nacida:
1393 4062 2595 4241 tiuh. auh in axcan ca ivictini,
