2544 3954
400 -1 962 163 de la fiesta.
75 199 1184 308 y otro de otra, lleuando las asidas, ā
73 309 1170 421 bas juntas conlas manos, y ellas a
82 401 1172 504 pretauan el papelon, vna por en
68 460 1207 588 cima, y otra por debaxo. Acabada
78 536 1156 663 de componer, esta ymagen, de la
79 635 1168 750 manera ya dicha: al çauan el ta
78 704 1190 812 blado, sobre que estaua puesto, mu
79 789 1157 912 chos capitanes, y hombres de guer
84 871 1158 1002 ra, y vnos de vna parte, y otros
88 954 1210 1055 de otra: yuanla lleuando, como en
88 1032 1216 1163 andas, y delante della, yua el pa
68 1111 1160 1231 pelon, y todos los que le lleuauan,
72 1224 1198 1326 yuan todos en procesion yuan can
77 1269 1207 1373 tando sus cantares, del mesmo dios:
65 1360 1190 1470 y baylando delante del, con grande
88 1443 1179 1577 areyto: y llegando alcu, donde le
81 1535 1219 1639 aujan de subir, lleuauan con vnas
88 1617 1168 1743 cuerdas atado el tablado, por las
77 1695 1157 1837 quatro esqujnas, y asian de las
79 1789 1165 1919 cuerdas para subirle: demanera
72 1876 1171 2028 que fuesse muy lano, que anjngu
87 1979 1203 2098 na parte, se acustease, la ymagen:
82 2058 1180 2171 ylos que lleuauan el papelon, subi
87 2164 1161 2266 an delante, los que llegauan pri
88 2246 1174 2354 mero alo alto, comencauan acoger
100 2311 1165 2432 Eipapel en rollandole, ansi como y
90 2385 1167 2507 uan subiendole, yuan en rollando,
81 2493 1173 2599 con gran tiento, para que no seque
87 2549 1155 2675 brase, ni xompiese: y las saetas, y
79 2623 1200 2739 uanlas sacando, y dauanlas aqujen
73 2704 1187 2843 todas, y juntas las tuujesse hechas
87 2801 1163 2931 vn haz: enllegando arriba, la yma
78 2879 1148 3005 gen, ponjan la en su lugar, o silla,
70 2964 1189 3089 donde auja de estar: y el papelon
75 3047 1168 3150 que ya estaua en rollado, atauan
76 3119 1170 3243 le muy bien, porque no se tornase
82 3214 1175 3328 a desenrollar, y ponjansele delan
60 3285 1176 3408 te del tabladillo, en que estaua la y
70 3373 1184 3477 magen. Despues de auer assentado,
61 3452 1161 3577 el tabladillo, sobre que estaua la y
69 3535 1153 3649 magen, en lo alto del cu: y puesto
67 3606 1184 3758 er papelon, en rollado junto al tabla
1381 7 1874 168 Toxcatl.
2275 56 2509 184 fo. 33.
1268 219 2365 340 que, qujtitilinjtiuj, ynjc amo mo
1261 309 2387 412 necujloz: njman ie ic qujpeoaltia
1267 398 2383 535 in tlecoz qujlacatzotiuj, qujcujx
1265 505 2329 652 tiuj, qujtecuja, qujtecujxtiuj:
1276 638 2346 752 yn jamamaxtli qujoallaztiuj, in
1256 728 2385 834 teumjtl concujtiuj, qujnechicotiuj,
1265 796 2335 945 qujcententiuj in tequjppaneque.
1273 909 2393 1049 Auh yn opanuetzito tlacpac, yno
1278 1044 2394 1150 qujpantlazque: njman ie ic conte
1265 1130 2365 1278 ca coatlapechco, ixpan qujtequj
1276 1226 2361 1361 lia, itech qujlpia, qujcacatzilpia,
1275 1355 2400 1487 qujteteuh ilpia, yn ocontlalito: njmā
1275 1448 2400 1565 oaltemoa, vmpa onmocaoa inte
1269 1528 2395 1697 qujpaneque, tlamacazque, intla
1262 1660 2369 1790 pixque, in qujpiaia: njman ie ic
1268 1748 2351 1895 oaltemo in ixqujchtlacatl. Auh
1266 1847 2375 2001 yn in mochioaia, in acoqujcaia:
1259 1965 2389 2099 teutlacpa ocachi tonatiuh, yoan
1258 2067 2387 2225 no teutlacpa muchioa ventli: yoā
1265 2165 2398 2300 in qujquazque tamalli, xocotama
1271 2270 2378 2411 lli chichiltic, anoço tenextamalli,
1267 2376 2395 2529 anoço quatecujcujlli, tlapactama
1270 2485 2401 2637 lli, quauhnextamalli, yoan tzooa
1268 2610 2413 2715 lilacatzolli: ynjn mjmjltic in tama
1250 2707 2400 2846 lli, tzoalli ynjc tlailacatzolli, qujxe
1267 2794 2389 2955 manal in tamalli in teupan. Auh
1249 2923 2412 3051 yn otlathujc, njman ie ic tlatlama
1254 3009 2351 3115 nalo intechachan, can aca inon
1254 3110 2340 3233 tlamanaia vel ixpan tlacatecu
1247 3205 2368 3364 lotl: yoan tlacotonalo ixqujchtla
1261 3307 2386 3457 catl, yn cioatl in toqujchti: conpe
1261 3431 2401 3563 oaltia yn motecoçuma, nauhtetl
1246 3537 2394 3673 in çolin ynjnoma, yn iioma qujco
1255 3620 2416 3778 tona. Auh yn oc cequj çoçolti, tle
