2700 4166
682 54 1093 232 Libro
70 220 1242 426 Capitulo treynta y dos
67 380 1292 569 de los lloros, y lastimas que
43 535 1230 724 hazian: y dezian aquellos
63 682 1225 860 aqujen robaron los njgro
59 810 1268 1005 manticos: y de las de mas
68 963 964 1105 casas deste signo.
109 1158 1275 1421 Edos los ladiones: los de la
80 1388 1256 1524 casa a los robados, comjencan a
80 1492 1265 1612 boluer ensi, y aleuantar se, don
90 1601 1244 1745 de estauan hechados: y comj
98 1722 1233 1831 en çan a mjrar por casa, por
73 1822 1283 1969 los cilleros, y bodegas, y por las
91 1969 1265 2102 petacas, y caxas, y cofres: y no
78 2064 1304 2203 hallan nada, de quanto, tenjā:
99 2193 1283 2341 y hallan robado todo quanto
107 2299 1316 2491 tenjan, oro, y plata, y piedras
96 2465 1289 2612 y plumas ricas, y mantas, y nā
107 2582 1292 2740 guas, y vipiles, y todo quanto
116 2712 1320 2861 tenjan: y comjencan todos lue
137 2832 1269 2968 go a llorar, y adar oxitos, y
104 2944 1300 3114 andar palmadas de angustia,
112 3072 1256 3241 T las mugeres: comjencan
119 3157 1267 3350 a dezir a bozes. Que can nel
118 3320 1247 3468 ocnen, quenneloenen, que
112 3429 1271 3579 qujere dezir: o desuen tura
116 3546 1291 3658 das de nosotras: y dauan con
126 3654 1258 3819 sigo, tendidas enel suelo, y
126 3788 1281 3908 dauan se de punadas, y bofe
126 3890 1267 4005 tadas en la cara, dizien do.
1359 217 2571 413 Inj cempoalli ommatlactli
1345 343 2557 524 omome capitulo: ytechpa tla
1331 455 2544 618 toa in jnchoqujs, in jntlaoçul,
1339 565 2553 709 yoan in jnnetolinjliz injchte
1345 674 2575 866 qujliloia: in qujmjchtequjliaia
1328 789 2536 975 in temamacpalitotique: yoan
1326 915 2646 1106 in occequj calli, in jtechpouhquj yn,
1346 1218 2548 1418 Auh in iehoantin otlaqujxtililo
1362 1349 2566 1490 que: qujnjquac muzcalia, moolinja,
1361 1439 2551 1545 mocuecuechinja, meoa, meeoa, me
1360 1526 2573 1662 oatiquetza, in oacique inchan ycttec
1361 1624 2606 1759 que: yn ontlachia in tlacopa, yoan ynjn
1358 1713 2531 1829 topco, in jnpetlacalco: in jtanaioc, in
1362 1800 2548 1932 maqujztli in chalchivitl: auh in que
1361 1866 2552 2035 tzalpetlatl, yn ipetlaioc in quetzalli:
1340 1974 2552 2097 aioctle onvetztoc, ça cacactoc, cane
1361 2068 2591 2197 mjuhian: otlacemjtqujque, otlaceia,
1367 2153 2581 2291 oqujmontlacemjtqujlique, ontlama
1361 2240 2576 2384 ololoque, oqujmontlamaololhujque,
1361 2345 2575 2480 ontlanamuxque, oqujmontlanaic
1345 2423 2593 2551 moiuljque, otlanavac ontlavicaque
1357 2529 2587 2653 ontlanemjuhcantilique, oqujmonpetz
1372 2617 2563 2731 toccauhque, ovel qujmonchiuhque, oquj
1376 2716 2564 2847 monjcnochiuhque, icnoiotl oqujmon
1377 2809 2575 2946 tlaxilitiaque, oqujmontlaixpulvique,
1374 2893 2598 3039 oqujmontlacecemmanjlique: caneia,
1370 2996 2596 3134 ça nellimach in mootta, tlachoqujz
1389 3081 2589 3200 tleoa, tlatecoiooa, tlatetecoiooa, tla
1377 3180 2582 3284 tzatziztleoa, momamatlatzinja, moma
1371 3279 2618 3411 mapuztequj, mjxaiopatzca in cioa: que
1371 3368 2618 3514 oan neloc nen, quenoc, tleçanelnen,
1371 3456 2566 3598 tleçanen, tleocnen, tleoc ytlatollo:
1365 3567 2590 3664 ac onnelhujloz, campa nel onmjtoz,
1361 3646 2617 3766 in manel momamaiavi, motetentima
1365 3737 2554 3852 iavi, mjxtetzotzona, choca: ca onjt
1379 3809 2614 3967 qujoac, ontlacemjchictia, oncemjchic
