2602 4114
615 -2 1219 199 Libro. E.
77 270 1378 437 bien peces, y culebras, y cotras sauandijas
90 395 1364 540 del agua: y recibiendo estas ofrendas,
85 475 1348 609 los viejos echauan las enel fueso, q̄
81 583 1393 730 era grande, y ardia delante la esta
77 671 1362 815 tua. Las mugeres, toda la no che, s
90 774 1352 902 occupauan, en hazer vnos tamales,
95 887 1371 1015 que llamauan vauhqujltamalli:
85 949 1347 1113 y tambien en a manesciendo los y
108 1043 1375 1186 uan aofrecer, delante la estatua:
101 1141 1362 1284 y assi estaua oran cantidad de llos
96 1225 1355 1388 delante la estatua: y como los mu
115 1345 1373 1501 chachos, ofrecian la caça, que tra
106 1429 1348 1589 yan entrauan, assi como yuan
93 1522 1357 1678 ordenados, y dauan vna buelta,
114 1630 1381 1780 enredodor del fuego: y quando pa
117 1733 1352 1871 ssauan cabe el fuego, estauan o
114 1835 1389 1982 tros viejos, que dauan acada vno
115 1913 1380 2078 de los muchachos, vn tamal: y assi
115 2017 1378 2147 se tornauan, asalir los muchachos
123 2122 1396 2255 por su orden. A estos tamales, los
112 2214 1367 2363 llamauan tambien, chalchiuhta
114 2311 1396 2462 malli, toda la gente: y en todas las
126 2402 1404 2542 casas se hazian, estos tamales, y con
123 2510 1376 2653 bidauan vnos aotros, conellos, apor
128 2610 1398 2758 fia trabaxauan, qual por qual ha
125 2712 1391 2859 ria primero, estos tamales: y la que
116 2812 1383 2979 primero los hazia, yua luego acon
133 2906 1361 3036 bidarcon ollos, asus vezinos, para
126 2994 1382 3157 mostrar su mayor diligencia, y su
134 3106 1368 3256 mayor vrbanjdad, la vianda que
138 3187 1371 3351 se comja. Con estos tamales, eran
146 3294 1409 3424 vnos camarones, que ellos llaman
134 3368 1386 3534 acocilti, hechos con vn caldo, quee
128 3472 1371 3615 ellos llaman chamul mulli: todos
140 3549 1406 3708 comjan, en sus casas, esta comjda,
139 3634 1403 3798 muy caliente, y tras el fuego: y las
143 3744 1423 3892 camisillas de mahiz, conque estaua
143 3845 1373 3984 rebueltos los tamales, quando se
137 3906 1367 4052 las qujtauan, para comerlos, no
1654 -2 2495 199 delas cerimonjas
1422 269 2521 425 ixpan xiuh tecutli: auh in
1434 376 2526 552 cequjntin can in cacalpulco
1428 479 2516 652 i tlamanaia. Auh in oauh
1426 612 2537 763 qujltamalli, noqujtocaioti
1424 704 2541 887 aia, chalchiuhtamalli: auh
1427 824 2536 972 mjxqujcti maceoalli, netach
1421 922 2492 1113 qujmomaeaia, in moauh
1428 1048 2547 1255 qujltamal: netechmoclatla
1419 1179 2524 1368 macaia: magujn achto os
1428 1283 2544 1484 cueic, ioauhqujltamal: mec
1424 1392 2548 1596 iauhqujmacaz in joāiolquj,
1438 1507 2547 1708 ic qujnextia in netlaçotlalliz
1436 1615 2538 1800 tli. Auh in oauhqujltamasl
1420 1725 2538 1932 li mjmollo catca, açociltla
1426 1831 2498 2045 tonjlli: auh in clatonjlli,
1443 1965 2548 2141 motocaiotiaia, chamolmol
1432 2087 2568 2254 li: auh mjquac tlaquaia moa
1434 2196 2562 2366 ceoaltzitzinti, mjitvonjtoque,
1450 2330 2550 2510 mochichinotoque: auh in oāe
1454 2430 2535 2612 uhqujltamalli, vel totoneq
1452 2567 2527 2731 totontlapetztic, qujtotvnca
1449 2644 2534 2847 qua, iaiacapoçontoque: ala
1457 2778 2538 2958 mjzoaio, cannonquaqujlta
1446 2922 2534 3054 liaia, acac tleco con axitia
1442 3032 2550 3189 ia: muchi aclan eontepedā
1452 3164 2520 3330 ia. Auh in ie iuhquj, in on
1458 3272 2518 3414 tlatlaqualoc: njma ieictla
1463 3402 2523 3559 oano: mjtoa, taxcalcevilo,
1458 3514 2546 3697 texcalcevia in vevetque tli
1461 3657 2510 3826 vmpa iteupan xiuhtecl
1458 3775 2528 3923 tli: auh mjc toxcalceyia
1452 3892 2545 4068 ctli, tlaoantoque, cujll
