2644 4192
616 -2 1259 240 L. ibro. E.
112 245 1325 392 al sol: y le echauan en vna xica
127 369 1351 495 ra, que estaua para esto apareja
120 454 1354 600 da, que llamauan, chaichiuhxi
110 558 1349 702 calli. Quando estas cosas se hazia
109 651 1348 798 de la muerte desta muger, toca
108 733 1312 892 uan muchas cornetas, y caraco
108 830 1309 990 les: luego descendian, el cuerpo
104 936 1325 1106 de aquella muger, y el coracon
121 1037 1320 1177 cubierto, con vna manta. Aca
107 1150 1305 1289 bado de hazer esto, que era de
107 1238 1315 1393 mañana: toda la gente que es
96 1351 1300 1498 taua auer este sacrificio, se y
109 1463 1317 1626 na para sus casas. Y todos comj
103 1562 1321 1721 an, y holgauan, y conbidaua
97 1663 1310 1797 los vnos alos otros: esto es toda
98 1774 1312 1934 la gente que trataua ensal: be
96 1875 1277 2045 ujan largamente pulcre, aun
90 1977 1279 2152 que no se enborrachauan. Pa
81 2083 1259 2262 ssado este dia, y venjda la no
89 2201 1292 2340 che: algunos que se enborra
69 2304 1288 2413 chauan, reñjanlos vnos, con los
90 2417 1297 2544 otros, o apuñauanse, o dauan
73 2504 1266 2632 vozes, baldonandose los vnos
75 2615 1277 2737 çon los otros: despues de cansa
79 2709 1264 2874 dos, echauanse a dormjr por
79 2825 1289 2986 essos suelos, adonde se acerta
70 2938 1283 3068 uan. Despues otro dia, beuja
85 3026 1292 3160 el pulcre, que les auja sobrado:
73 3135 1290 3291 llamauanle cochvctli: y aquellos
62 3262 1273 3417 que estando borrachos, la noche
61 3374 1270 3520 antes, aujan reñjdo, o apuna
66 3486 1272 3645 do aotros, desque se lo dezian, es
52 3603 1271 3748 tando ya en buen seso, y despu
52 3704 1254 3850 es de auer dormjdo: conbidaua
49 3816 1271 3960 abeuer, alos que aujan maltra
1722 73 2583 241 de las cerimonjas.
1456 267 2601 426 tziqujltic, viuitztic, necoccampa
1446 385 2597 527 in ujujtztic. Auh in tlamjcti,
1446 511 2598 644 çayc icac, omach ic moquetz.
1428 596 2594 743 njman ie ic queltetequj: aulh
1428 694 2573 850 yn ompet yielchiqujuh, yn ez
1415 797 2588 921 tli oalmopipiazquetza, veca in
1430 910 2563 1047 onmopiaçoa, iuhquin momo
1417 1013 2570 1166 loca, iuhqujn pipica, iuhqujn
1406 1121 2597 1266 popoçoca. Auh in ie iuhquj, mec
1418 1228 2546 1376 çonanjlia yn iiollo, contlalia
1411 1328 2543 1492 xoxoujc xicalco: qujtocaiotia
1398 1448 2569 1602 ia chalchiuhxicalli. Auh yni
1413 1569 2555 1751 quac muchioa y, cenca tlapi
1414 1688 2587 1848 tzalo: auh in ie iuhquj mecquj
1410 1799 2573 1945 oaltemouja yn jnacaio, yoan
1390 1905 2538 2080 yn iiollo vixtocioatl, tlatlapa
1396 2042 2573 2194 chiuhtiujtz tlaçotilmatica. Auh
1391 2171 2573 2314 yn in muchioaia, çan ioatzinco:
1398 2283 2555 2425 auh yn ontzonquiz, yie iuhquj
1392 2370 2523 2546 yn onecacaoaloc, njman ic vi
1396 2507 2506 2638 ujloa, cecemanoa, viujloa in
1369 2607 2507 2748 techachan, yn jlhujoaque, hi
1383 2715 2517 2850 ylhujchioa, hiilhujtlamati, il
1380 2809 2549 2948 hujtla, hiilhujtla, iilhujtlama
1365 2927 2534 3055 cho, ilvichioalo, mococooanotza,
1374 3047 2501 3173 motlatlacamati: yoan yn jla
1360 3135 2479 3279 matque in veuetque, yn izta
1366 3237 2495 3396 tlaca yn iztachiuhque, yn izta
1356 3345 2485 3494 tlatique, yoan yn iztanama
1367 3462 2504 3605 caque, yn iztanecujloque, yn
1338 3548 2510 3697 iztapan tlaca: tlatlaoana, tla
1353 3668 2501 3809 tlaoano, motlatlaoantia, tla
1340 3768 2514 3925 nepantla xochapaztica qujoal
1347 3880 2496 4026 mana yn vctli: ce tlacatl tetla
