2738 4250
248 72 815 284 de la fiesta.
27 317 1145 444 cruzadas, o aspadas: quando bayla
21 431 1162 536 ua enel areyto, y uase arrimando
18 495 1163 630 al baston, y alcandole acompas
30 585 1138 724 del bayle. Drez dias continuados
20 679 1162 823 baylaua enel areyto, con mugeres,
27 776 1149 919 que tambien baylauan, y canta
21 850 1147 1032 can por ale grarla: eran todas
3 954 1148 1121 las que hazian sal, viejas, mo
29 1058 1152 1228 ças, y muchachas: yuan todas
33 1144 1157 1290 estas mugeres, trauadas las vnas
38 1253 1175 1376 de las otras, con vnas pequeñas
35 1354 1156 1492 cuerdas, la vna assia del, vnca
25 1438 1161 1575 bo de la cuerda: la otra del otro
35 1526 1154 1712 y ansi yuan baylando, lleuauan
23 1620 1172 1829 todas guirnaldas, en las cabecas, he
43 1722 1157 1897 chas de aquella yerua, que sella
41 1840 1172 1988 ma iztauhiatl, que es casi como a
29 1927 1179 2092 xenxos de castilla. Cantarque
38 2060 1177 2218 cantauan, dezianle en tiple, muy
38 2166 1166 2331 alto: yuan algunos viejos de la
32 2284 1136 2448 te dellas gujandolas, y regien
40 2385 1168 2533 do el cantar: la que yua com
37 2486 1139 2622 puesta, con los ataujos de la dio
41 2606 1159 2760 sa, y que auja de morir, yua
37 2705 1158 2857 en medio de todas ellas, y delan
28 2802 1144 2953 te della, yua vn viejo que lle
35 2904 1150 3055 uaua, en las manos, vn pluma
32 3004 1138 3162 je muy hermosos hecho ama
24 3106 1183 3255 nera de mança de cruz: llama
46 3203 1168 3367 uase este piumaje Vixtopetla
52 3327 1168 3458 cotl. Este cantar començauan
45 3436 1164 3587 de sobre tarde, y llegauan hasta
31 3535 1183 3675 la media noche cantando: todos
41 3629 1162 3753 estos diez dias, andaua en el bay
30 3735 1174 3876 le, y cantaua aquella, que auja
40 3835 1168 3971 de morir, con las otras. Passado
1339 58 2197 318 lecujlhujtontli.
2269 165 2407 302 fō
1261 310 2426 460 yn potonquj: yoan ichimal atla
1267 423 2448 582 cueconaio, tlaatlacueconanjcuj
1245 540 2436 671 lolli, atlacueconanjcujliuhquj,
1250 634 2404 801 toztlapilollo: Auh in toztlapi
1262 742 2413 904 lolli, yn jiacachapullo mu
1263 865 2410 1012 chioa, quauhyujtl, quanmo
1260 963 2389 1111 loctli, yoan quetzalpoztectli,
1271 1069 2449 1214 yoan caquan, yoan xollotl, ma
1268 1179 2419 1319 tlatlauhquj, motocaiotia teu
1253 1299 2415 1419 xollotl, toztenoloio in chimalli.
1273 1394 2425 1565 Jn iquac mjtotiaia, qujmamala
1264 1497 2431 1670 cachoa yn ichimal, ic momama
1252 1593 2430 1786 na: yoan yoztopil, tlaamaioti
1241 1721 2422 1878 llihaamaio, yoan tlaulhujlli
1256 1866 2396 1981 vllo: excan intecomaio, tete
1262 1960 2399 2089 comaio: auh yn vncan tete
1249 2070 2409 2221 çomaio, vncan mamanj yiā
1251 2164 2373 2314 uhtli tziuhtli yn ipan ma
1238 2272 2423 2441 mantiuh, tzitziuhio: in iquac
1240 2374 2396 2563 mjtotia, ic motlaquechitine
1243 2504 2367 2686 mj, qujtitilquetztinemj, ic
1250 2614 2422 2797 ontlayiauhtiuh. Auh matla
1245 2759 2423 2935 qujlhujtl, in qujcioapancujca
1255 2862 2432 3021 tiaia, ixqujchtin cenqujça, quj
1259 2978 2380 3140 cecencaoa yn iztatlaca, yn iz
1240 3079 2388 3257 tachiuhque: yn jlamatlaca
1245 3212 2437 3345 yoan yn jniolloco cioa, yoan ich
1245 3326 2439 3468 pupuchti, yoan in ie ichpupu
1250 3442 2391 3562 ch chicacti: oc vnca intona
1243 3540 2403 3662 tiuh, oc tona inpeoamjtotia,
1240 3651 2401 3774 tecpantiuj, tetecpantiuj, mo
1245 3761 2401 3879 tecpana, motetecpana mecati
1240 3853 2361 3961 ca, motocacotia xochimecatl
2407 197 2546 312 tā
2553 7 2711 141 loo
