1832 2710
382 47 673 162 ibro. 1.
44 190 846 274 esto adiujnauan, porque ante que comjen
45 238 859 329 nlas aguas, ay grandes vientos, y pol
49 287 849 361 uos: yesto dezian, que quetzalcoatl, dios
35 332 865 415 de los vientos, barria los camjnos, alos dioses,
40 376 870 462 de las lluujas: paraque vinjessen, alluuer.
37 424 872 514 Los sacrificios, y cerimonjas, cōque honrra
43 476 850 567 uan aeste dios: estan escritas adelante,
43 525 864 630 enel segundo libro. Los ataujos, cōque le ado
42 584 876 671 rauan, eran los sigujentes: vna mitra enla
44 636 876 711 cabeça, con vn penacho de plumas, que se lla
43 687 883 769 mā quetzalli: la mitra, era manchada, como
54 740 858 809 cuero de tigre. La cara tenja teñjdo de ne
43 777 862 879 gro, y todo el cuerpo: tenja vestida, vna ca
50 819 866 903 missa, como sobrepeliz labrada: no le llega
47 864 862 954 ua, mas de hasta la cinta. Tenja, vnas ore
48 911 850 1007 jeras, de turquesas, de labor mosayco: te
49 947 886 1054 nja un collar de oro, de que colgauan, vnos ca
54 992 877 1108 racolitos mariscos, preciosos. Lleuaua acuestas,
60 1052 858 1155 por deujsa, vn plumaje: amanera de lla
59 1085 876 1196 mas de fuego. Tenja vnas calças, desde la rodi
64 1141 859 1240 lla abaxo, de cuero de tigre: de las quales col
62 1172 895 1287 gauan, vnos caracolitos mariscos. Tenja calçados
48 1232 882 1335 vnas sandalias, teñjdas de negro: rebuelto con
68 1284 873 1396 marcagita. Tenja enla mano izqujerda, vna ro
65 1325 875 1437 dela, con vna pintura, con cinco angulos: que
64 1364 904 1484 llaman, el joel de viento. Enla mano derecha,
69 1402 894 1526 tenja vn cetro: amanera de baculo, de obispo: en
67 1449 899 1572 lo alto, era en roscado, como baculo, de obispo, mus
69 1495 892 1608 labrado, de pedrerja: pero no era largo, como el
72 1540 887 1657 baculo: parecia por donde se tenja, era como
78 1576 902 1700 enpuñadora de espada. Era este, el gran sa
75 1667 435 1749 cerdote, del templo.
83 1652 914 1813 Enel capitulo sexto, se trata: de las dio
81 1734 895 1862 sas, principales: que se adorauā, enesta
81 1828 412 1909 nueua españa.
83 1882 893 1971 La primera, destas diosas, se llamaua cioa
89 1930 897 2021 coatl: dezian que esta diosa, daua cosas aduer
87 1978 876 2069 sas: como pobreça, abatimjento, trabajos.
80 2018 900 2123 Aparecia muchas vezes, segun dizen: como
89 2063 888 2173 vna señora, compuesta, con vnos ataujos:
84 2098 888 2212 como se vsan, en palaçio. Dezian, que de
96 2160 876 2246 noche, bozcaua, y bramaua, enel ayre.
88 2195 886 2289 Esta diosa, se llama cioacoatl, que qujere
88 2242 889 2336 dezir: muger de la culebra: y tambien
93 2292 890 2378 la llamauan, tonantzin, que qujere de
92 2327 919 2439 zir: nra madre. Enestas dos cosas parece,
86 2369 903 2494 que esta diosa, es nuestra madre eua: la
96 2411 902 2542 qual fue engañada de la culebra: yque el
98 2468 910 2574 los tenjan noticia, del negocio, que passo:
93 2527 902 2622 entre nuestra madre, eua, y la culebra.
105 2567 900 2681 los ataujos conque esta muger, aparecia:
1097 26 1469 149 delos dioses.
925 163 1750 283 que, yn aoaque, yn qujqujiauh
915 231 1743 352 ti. Auh yn jquac molhuja ehe
912 321 1751 445 ca, mjtoa: teuhtli: quaqualaca,
919 393 1767 531 ycoioca, tetecujca, tlatlaiooa, tla
920 486 1743 604 tlalpitza, tlatlatzinj, motlatla
1680 552 1751 619 chi.
920 585 1749 689 ueltia. Auh yujn yn muchioa
914 662 1761 779 ia: ocelocopile, mjxtlilpopotz, he
917 752 1717 855 canechioale, mizqujnechioale,
925 823 1731 953 tzicoliuhcanacoche, teucujtla
919 917 1777 1012 acuechcozque, quetzalcoxollama
928 1003 1767 1116 male, ocelotzitzile, icpaomjcicuj
933 1067 1776 1187 le, hecacozcachimale, hecaujque,
927 1168 1329 1270 no poçulcaque.
942 1298 1775 1448 Jnjc chiquace capitulo: vncan mo
935 1382 1771 1514 teneoa, yn oc cenca tlapanauja
949 1469 1749 1612 yn cioateteu: yn qujnmoteuti
946 1551 1763 1674 aia, in qujnteutlapiqujaia yn
937 1653 1280 1767 njcan tlaca.
975 1796 1767 1897 Cioacoatl tequanj: yoan tetza
951 1868 1741 1993 ujtl, tetetzaujanj, icnoiutl quj
946 1944 1768 2073 teittitia: ca mjtoaia, victli me
941 2047 1750 2160 capalli, qujtemacaia, ic temo
951 2107 1746 2246 tlaia. Auh ynjc moteittitia
943 2206 1783 2335 ia, motenextiliaia: iuhqujn tec
959 2294 1754 2412 pan cioatl, nanacoche, iitznaco
956 2381 1788 2479 che, iztaian moquetza, iztaian
949 2458 1756 2558 actica, iztacatla ycaia, iztazti
967 2535 1786 2647 cac, vel panj qujquetza yn jne
