2504 3960
556 -2 1083 213 Libro. E.
102 198 1281 363 que estaua hecha, enla mjsma ra
112 301 1294 440 ya de la pelea: y dalli se bolujan,
102 368 1287 523 y los enemigos, tambien se yuan
90 453 1280 619 para su tierra. Acabados todos es
86 545 1279 670 tos iuegos, y cerimonjas, a aquel queera
83 629 1280 799 ymagen, de la diosa toci: lleuauanle
105 723 1257 860 ala casa, que se llamaua atenpan:
66 826 1286 975 el señor poniase en su trono, en las ca
85 887 1273 1057 sas reales, tenja por estrodo, vncue
102 983 1250 1146 ro de aoujla con sus plumas, y por
93 1098 1273 1269 espaldar dela silla, vn cuero detigre,
83 1204 1251 1341 Estaua ordenada toda la gente de
100 1303 1213 1450 guerra, delante los capitanes, y
104 1368 1255 1503 valientes, hombres en medio los sol
83 1458 1271 1598 dados viejos, al cabo los bisoños: y yuā
75 1572 1255 1711 todos delante del señor, assi ordena
70 1693 1276 1832 Bos: y passacian como haziendo alar
86 1760 1265 1937 de por delante del, haziendole gran
85 1854 1262 2028 reuerencia, o catamjento: y el tenja
92 1950 1272 2139 cerca de si, muchas rodelas, y espa
80 2086 1268 2225 das, y plumajes, que son adereços
76 2179 1264 2344 de la guerra, y mantas, ymastles:
74 2272 1245 2433 y como yuan passando acada vno
74 2361 1260 2517 le mandaua dar, de aquellas an
93 2454 1284 2625 mas, y plumajes, alos mas principa
70 2570 1253 2717 les, y señalados lo mejor, y mas ri
70 2661 1237 2807 co: y assi mjsmo, de las mantas, y
77 2741 1236 2889 mastles: y cada vno en tomando
67 2824 1265 2992 lo que le aujan dado, yuase apar
74 2927 1242 3053 te, y aderecauase conello alos de
90 3029 1262 3157 medio, dauan lomenos rico, y alos
67 3142 1232 3260 detras, dauan lo que quedaua: y
74 3245 1223 3378 como todos se vujessen aderecado,
83 3338 1250 3474 con las armas, que aujan tomado,
84 3419 1266 3583 ordenauanse otrauez, y passauā
81 3537 1249 3680 por delante del señor, armados, y
90 3629 1241 3758 adereçados: y haziante gran aca
83 3736 1218 3885 tamjento cada vno como yua pa
1509 11 2414 151 de las cerimonjas:
1369 155 2448 326 mā ic cenqujxoa in tracatl
1389 305 2438 493 mjxqujctitin quaquachi
1370 464 2395 570 tin, in quaquauhiaca, i
1364 555 2417 677 llatlacochcalça, in tlatlaca
1367 648 2408 845 tecca: yoan in ie ixqujch
1352 786 2402 959 tin tequjoaque, in tlatzo
1363 903 2416 1047 nanti, mo velittoque inti
1364 1032 2415 1187 acaoan, mjiolloco chicaoa
1361 1142 2435 1324 que, m amoqujtlacotla in
1353 1271 2435 1427 m tzonteçon, mjmelchiquj
1352 1398 2413 1549 uh, i amo mjquizmauhi,
1352 1498 2446 1650 in vel inca momotla in toibu
1361 1634 2402 1788 oan. Auh iieiuhquj, mo
1352 1749 2436 1910 cen qujxoac: njma ic ixpanl
1336 1851 2420 2027 onnevipanalo, onnecenpa:
1346 1978 2443 2169 tililo, mjxpa Motecucoma
1326 2119 2426 2278 iehoatica quauhpetlapan
1329 2218 2420 2401 vel iehoatl iquauhtli, tla
1325 2356 2371 2507 xipeoalli injpan eoatica
1356 2461 2392 2622 yvan ocelo tepotzo icpalli
1335 2586 2378 2740 mjpan, motlaztica, vel ie
1341 2700 2395 2868 mo celotl ieoaio, mjctla
1329 2826 2392 3015 qujmjlolli icpalli: ceceia
1335 2961 2395 3126 ca con tlapalotimanj, ix
1320 3072 2413 3253 pan onoc, mjxqujch ne
1340 3151 2447 3339 papan tlaviztli, inchimo
1318 3309 2435 3487 li, yoan i macquavitl, uā
1335 3430 2437 3619 tilmatli, ynan maxtlasi
1336 3562 2425 3748 con tlapalotimanj, njmonla
1324 3683 2405 3879 ic concujtimanj, coceiaco
