2364 3530
399 16 915 197 Apendiz.
967 22 1603 202 y slppologiā
27 162 2161 328 de que arriba se hizo mencion, que es caña, pedernal, casa, conejo, por
11 292 2163 407 donde confauan la hebdomada de sus años, que son encueta ydos,
9 400 2146 524 Esta cuenta muy perjudicial, y muy supersticiosa, y muy llena de
9 464 2174 595 ido latria, como parece eneste libro quarto, algunos la alabar mucho:
13 551 2178 685 diziendo, que era muy in genjosa y quenjnguna macula tenja, estodi
-5 649 2195 777 xerō por no entender aque fin se endereza, esta cuenta el qual esmuy
0 751 2151 870 maio ydo latrico de poco entendieron la muchedumbre de eupersti
9 841 2151 951 ciones y fiestas y sacrificios idolatricos, que en ella se contienen, y lla
15 951 2173 1043 maxon aesta cuenta, el calendario de los idios: no entenchendo que
15 1037 2176 1117 esta cuenta no al cança atodo el año, porque no tiene mas doscientos
2 1103 2182 1234 yzesenta dias decirculo, y luego tixna a suprincipio, y ansi no poede
0 1179 2161 1314 zer calendario y njnunca lo fue, porque el calendario, como esta di
15 1287 2151 1372 cho, esta pintado, en el prmcipio del zegundo libro, con tiene todos
9 1362 2181 1467 los dias del año, y las fiestas del año: yesto ignoraron los que dizen
24 1467 2164 1572 que esta arte adiujna toria es calendaxio: cierto fuegrande in
13 1527 2175 1647 aduexteneia, y culpable ignoraneia loar por palabra, y por escxito
27 1631 2165 1734 vna cosa tan mala ytan llena de idolatria. El zelo de la verdad,
26 1703 2180 1831 yde la fe catholica, me compele aponex aquj, las mjsmas palabras
21 1788 2126 1910 de vn tratado, que vn religioso escriujo enloor desta acte adi
21 1878 2134 2000 ujnatoria: diziendo, que es calendario, paraue donde qujera
22 1975 2178 2091 que alguno le viere, sepa quees cosa muy per judlicial, anuestra san
17 2060 2140 2171 cca fecatholica, yzea destruydo, y quemado. Si gueze la in trodri
27 2153 1023 2283 cion del tractado sobre dicho.
7 2246 2140 2370 Jn troducion, ideclaracion nueuamente sacada, que es el calencla
23 2326 1772 2515 rio de los indios de Anaoac, esto es dela nuera españa.
16 2410 2138 2603 Cor las ruedas, aquj antepoestas, cuentan los idos susdias, sema
15 2527 2110 2693 nas, meses, años, o limpiadas lustros idiciones, y hebdomadas: cō
27 2624 2112 2766 mencando : Su año, con el nuestro, desde el prmcipio de henero: en la
22 2745 2118 2845 qual, se hallan las maneras de contar los tiempos que tuujexon to
22 2803 2115 2964 das las naciones, y segun paxece los idros que la compozieron, y sa
15 2873 2116 3016 bian bien, ciertamente semonstraron philosophos naturaless, go la
15 2994 2089 3117 mente falfaron enel bixesto : poro tambien paso el gran philoso
15 3072 2139 3196 pho fusto tiles, y su maestro, platon, y otros muchos sabios que no
25 3187 2116 3307 lo alcançaron. es de saber, que en este calendario, no ay cosa
27 3227 2158 3414 de idolatria: y esto sepoede de alabar, por muchas razones, pero
2126 47 2334 163 fol. 22
