2536 3974
192 34 733 229 de la fiesta,
15 215 1042 371 tos en vn lugar: esto se hazia en
27 306 1048 438 todas las casas del pueblo: hecha
23 384 1022 510 uanse enel suelo, o sobre vnas,
18 474 1013 619 mantillas rotas, que tendian
25 563 1014 704 de baxo, y en amanesciendo
37 635 1030 782 ante que fuesse bien de dia, des
32 727 1031 860 cendian el dios paynal, de lo
36 826 1030 943 alto del cu de vitzilopuchtli: y
39 905 1037 1051 tuego yua derecho al juego de
29 978 1056 1140 pelota, que estaua enel medio
42 1075 1042 1249 del patio, que llamauan teu
37 1189 1047 1314 tlachco: alli mataua quatro
47 1275 1069 1441 captiuos, dos a honrra del dios
55 1396 1071 1548 amapan, y otros dos a honrrā
63 1498 1078 1640 del dios oappatzan, cuyas es
60 1613 1084 1753 tatuas estauan junto al tlach
70 1716 1063 1860 co, en aujendo los muertos, a
66 1792 1099 1945 rrastrauanlos por el tlachco, en
46 1894 1070 2041 sangrentauase todo el suelo, cō
65 1988 1078 2138 la sanore que dellos salia, y en
84 2091 1084 2231 do los arrastrando Necho esto,
63 2197 1067 2348 yua luego corriendo, hazia el
93 2275 1084 2418 tatiluico, yuan acompañan
110 2372 1076 2514 dole quatro nigromanticos, y
110 2464 1084 2602 otra mucha gente: y desde a
81 2532 1075 2691 eli, yua por el camjno, que
82 2655 1072 2800 llaman Nono oalco, donde a
76 2734 1034 2874 gora esta vna yolesia, de
84 2825 1084 2996 sanet miguel: alli le salia a
104 2943 1097 3060 rescebir, el satrapa de aquel
87 3021 1133 3186 ea, con la ymagen del dios, gua
91 3127 1072 3270 vitl ycac, que es su compañe
105 3215 1106 3362 ro, del dios paynal: ambos te
96 3304 1090 3448 njan vnos ornamentos, o a
95 3412 1108 3551 taujos: luego ambos juntos
79 3507 1144 3649 Quan hazia tlacuba, al lugar
85 3596 1117 3709 que se llama Tlaxotlan, de a
91 3671 1125 3847 lli yuan hazia, el barrio que
1313 -2 2429 192 Panquetzaliztli. fo86.
1116 189 2295 375 tlalpan, tlalitztecapan, ca til
1136 322 2323 482 ma colli, anoço caaçolli in com
1123 456 2278 574 mopepachtia, in commopepe
1144 545 2322 672 ihia. Auh io tlatvic caoc achi
1125 655 2323 810 flatlaiovatoc njmā ieic oalte
1138 784 2315 960 mo iteucaltlepac in Paynal
1139 887 2316 1074 mjcpac vitzilobuctitli: mooal
1144 1024 2321 1187 temoc, mectlamelaoa, in inote
1149 1136 2328 1292 neoa Teutlachco: vncan qujmō
1152 1251 2363 1451 mjctia navintin: vme amapan,
1156 1351 2348 1564 vme vappatzan: moqujmomjc
1162 1472 2345 1667 ti, mec qujnvivilana tlachieo:
1164 1635 2321 1792 iuhqujnic tlatlacujloa mezço.
1172 1725 2315 1896 Aiun in ieuehquj, mec oaleoa
1189 1867 2348 2039 cenca qujmotlalocttia, vncan
1169 1976 2312 2137 qujca in Tlatilulco, njma ic
1159 2059 2339 2243 tlamelaoa nono oalco: vncan
1181 2184 2308 2372 cantiqujca itoca quavitl icac
1177 2352 2368 2465 itepaleviçauh, itracaien: çanno
1177 2438 2377 2636 iuhquj mjnechichioal, telcan
1170 2573 2376 2744 ie moticaoaoan: aech moconan
1161 2690 2366 2838 tiqujz, mec vi, vmpan ommoco
1163 2793 2360 2966 loa tlaxotlan: njmā ie ie ontla
1172 2925 2353 3097 melaoa popotlan: no vncā on
1187 3034 2405 3219 tlamjctitiqujca, çan iciuhca:
1185 3176 2361 3306 ma occeppa, ontlamelaoa, ela
1200 3289 2413 3469 poltepetl ixpanqujça: auhino
1200 3399 2375 3584 acito atoiac, itocaiocan Jzquj
1195 3570 2423 3680 tlan: no vncan ontlamjctitiquj
1203 3654 2423 3840 ça, in con mjctia, itoca Izqujte
