2682 4042
2240 83 2542 213 fo. 29.
1158 51 1537 238 Apendiz.
96 219 1281 370 tyrānus in conspectu tuo inquirere
1355 240 2509 356 anoço vei Emperador, mitzmotlatlanjliz,
1357 307 2493 412 mitzmolhcuiliz: tleica otiqujnmomjctili
100 332 1289 470 pōt de his quos predidisti. D. Cum
1347 357 2480 466 otiqujnmotlatlatili, in nomaceoalhoan:
1356 459 2503 565 D. Totecujoe, ichica ca ticenquizcaqualli, yn
112 441 1268 575 ergo sis iustus, et iuste omnja dis
1355 520 2526 642 isqujch ticmuchiujlia, muchi melaoac, mu
111 550 1216 712 ponis: virtus enjm tua iusticie,
1356 588 2522 705 chi qualli: ipampa ca muchi moueli, mo
1362 676 2507 787 tetzinco cen quiztoc, yn isqujch qualli, me
95 682 1258 829 initium est, et ab hoc quod domj
1359 741 2510 851 laoac: auh ipampa ca novijan aci, in mo
1371 821 2524 944 tlatocaiotzin, novjian timotetlaoculilia.
96 798 1277 967 nus omnjum est, omnjbus te par
1352 930 2522 1066 E. Totecujoe, in mouelitilitzin, in muchi
105 933 1241 1077 cere facis. E. Virtutem enjm
1357 1008 2519 1178 çaoaliztzin, ticmonestilia in impan tlate
118 1065 1302 1234 ostendis tu, qui non crederis esse
1360 1100 2516 1223 utocanjme: in amo qujneltocaznequj, in ce
1358 1187 2525 1322 manquj movelitilitzin, yn cemanquj, mu
124 1205 1296 1335 in virtute consumatus: et horum
1369 1267 2508 1389 ehicaoaliztzin: ynjc occenca tiqujnmo
1367 1354 2522 1476 veililia yn jnnetoliniliz, yn ipampa intzō
117 1340 1308 1480 qui tenesciunt audaciam tradu
1376 1407 2515 1557 tetiliz: totecujoe camaxcatzin, incen
103 1453 1305 1600 cis. Tu autem dominator virtutis
1346 1526 2515 1666 quizquj in vei in velitiliztli: auh catimo
1344 1588 2517 1715 velitilia, yn njman tiqujnmopolhuiz,
127 1593 1270 1747 cum tranquilitate iudicas, et cū
1346 1661 2516 1805 in tlatlacoanj, yn jquac mitzmoiolitlacal
129 1698 1260 1862 magna reuerencia disponis nos:
1355 1752 2487 1879 huja: auh ynjn ca amo iuh ticmuchiuj
1350 1849 2486 1970 lia, caçanoc tiqujnmuchielia, ynjc ivi
121 1839 1274 1991 sub est enjm tibi cum volueris po
1351 1896 2329 2053 ian qujcuepazque, yn jnnemjliz
117 1949 248 2087 sse
259 2202 819 2371 Capitulo. 15.
1587 2244 2130 2453 Capitulo. 15.
1371 2414 2485 2581 Jn tehoatzin, in tidios, in titoteuh, inti
150 2385 1289 2607 Tu autem deus noster suauis et
1371 2540 2480 2643 totlatocatzin, cenca iamanquj, cenca
118 2574 1254 2733 verus es patiens, et in misericor
1358 2609 2518 2750 qualli moiollotzin: auh in jxqujch intic
1349 2688 2510 2815 muchiujlia, muchi qualli, muchi mela
117 2711 1255 2847 dia disponens omnja. A. Et e
1347 2779 2489 2886 oac: auh camo tetlaoculiliztica ticmo
1349 2824 2493 2960 tecpanjlia, yn ixqujch chioalonj. A. To
100 2851 1284 3024 nim si peccauerimus, tui sumus
1341 2917 2491 3064 tecujoe, ca iuh qujmattica in toiollo, cati
1335 2977 2513 3111 maxcatzitzinhoan, in tixpiānome: intla
88 2974 1276 3155 scientes magnitudinem tuam,
1345 3069 2535 3195 titlatlacozque, caçaocmotetzinco tipouj:
97 3134 1273 3273 et si non peccauerimus scimus
1334 3142 2519 3287 ticmati ca ticenquizcavei, ticenquizca
1338 3232 2496 3354 qualli: auh in tlacamo titlatlacozque, tic
97 3231 1218 3410 quonjam apud te sumus com
1347 3312 2567 3429 mati camotlantzinco ticate: ca timotlapepe
1349 3385 2501 3495 naltzitzinhoan. B. Totecujoe, yn mixi
88 3377 1258 3551 putati. B. Nosse enjm te con
1345 3480 2461 3554 machocatzin, ca vel tetlanestili, vel te
82 3500 1245 3666 sumata iustitia est: et scire ius
1337 3541 2518 3669 maqujsti: auh yn ipialoca, yn motena
1337 3626 2499 3771 oatiltzin, ic ic nopilhujlo, in cemjcac ne
75 3620 1272 3746 ticiam, et virtutem tuam radix
1321 3699 1585 3819 mjliztli.
75 3715 757 3893 est immortalitatis.
