2584 4042
265 44 847 238 de la fiesta
63 241 1130 390 yllegada la media noche, lleua
78 335 1133 457 uanla al cu, donde auja demo
71 415 1112 584 rir: y nadie hablaua, nj to
81 519 1104 676 sia, quando la lleuauan, to
82 599 1095 760 dos yuan engran silencio: a
81 692 1108 858 unque yua conella, todo el
88 781 1123 966 pueblo. Y desque auja llegado,
84 892 1092 1066 al lugar donde la aujan de
83 1002 1131 1134 matar : tomauanla vno sobre
71 1102 1127 1248 las espaldas, y cortauanla de
90 1194 1156 1340 presto la cabeça: y luego calien
73 1288 1142 1445 te la desollauan, y desollada,
87 1416 1121 1538 vno de los satrapas, se vestia
82 1499 1119 1660 su pellejo: al qual llamauan,
72 1578 1139 1755 teccizquacujlli: escogian para
68 1699 1123 1865 esto, el mayor de cuerpo, y de
78 1782 1137 1952 mayor esfuerças. Lo primero,
76 1875 1114 2020 la desollauan el muslo, y el pe
82 2000 1121 2131 llejo del muslo, lleuauanle al
93 2092 1123 2251 ca, de su hijo que se llamaua
101 2151 1178 2343 Cin teutl, que estaua en otro cus
87 2272 1121 2419 yvestiansele: despues que se
106 2349 1140 2520 Destia aquel satrapa, conel pe
95 2468 1124 2625 llejo, de aquella muger, yua
86 2561 1133 2697 atomar asu hijo cin teutl: lue
82 2669 1107 2817 ço se leuantaua al canto del
94 2790 1174 2925 cu, y luego baxaua abaxo, con
86 2890 1125 3021 priesa, acompañauanle qua
84 2955 1130 3133 tro personas, que aujan hecho
66 3048 1178 3245 voto de hazerle, aquel serujcio,
73 3169 1139 3303 tomauanle en medio, desde
72 3286 1177 3429 la vna parte, y desde la otra
71 3393 1150 3544 y algunos de los satrapas, yuan
84 3503 1146 3625 detras, deste que lleuaua el
79 3594 1150 3746 pellejo vestido: y otros princi
72 3685 1179 3837 pales, y soldados, que le estauan
1444 43 2489 230 ochpanjztli. fo.68.
1195 257 2329 386 lo, mjteupan: cenca qujiolla
1198 360 2371 517 lia in titici: qujlhuja. Nlach
1201 498 2331 627 pietzin, ca iequene axca mo
1195 624 2362 745 tetzynco aciz in tlatoanj Mote
1190 717 2389 896 cuçoma, maximopapactzino,
1200 840 2437 1004 amoqujmachitiaia mjmjqujz,
1218 967 2423 1116 can iuhquj in ichtaca mjquja:
1206 1111 2412 1238 mecqujchichioa, qujcencaoa.
1215 1205 2401 1386 Auh mjquac ie onaci iooal
1201 1346 2369 1492 nepantla, njma ic qujvica,
1215 1468 2410 1645 çan njma aiacnaoati, aiac
1217 1580 2433 1751 tlatoa, anoac tlatlaci, çaiuhi
1205 1728 2388 1869 qujn tlalli mjctoc: auh ixquj
1219 1834 2343 1995 ch tlacatl, cenqujçaia m io
1198 1939 2422 2104 oaltica. Auh moconaxitique
1226 2070 2375 2258 vncā mjqujz: njma ic qujoa
1205 2183 2380 2369 lana, cantecujtlapan in cō
1208 2309 2389 2462 teca: njma ic quj oalquechco
1210 2429 2384 2574 tontivetzzi: auh moco quec h
1229 2553 2372 2712 Cotonque, njma no iuuhca
1216 2675 2437 2866 qujxipeuhti vetzi, qujxipeuh
1217 2802 2404 2962 tiqujça. Auh moqujxipecili
1239 2940 2433 3068 que: njma ic cōmaqujtivetzi
1232 3052 2443 3184 cetlacatl mjeoaio; itoca tecatz
1234 3162 2430 3326 quacujli, cencachicaoac, chi
1228 3288 2433 3443 thicaotic, yoan cenca quauh
1235 3421 2416 3556 tic. Auh mjmetz njma no ica
1239 3523 2424 3668 uhca qujxipeuhti vetzi, quj
1242 3637 2440 3798 motlalochtia i vmpa puch
1244 3748 2454 3906 tlan: conaquja mjconeieh: ito
