2704 4230
106 122 790 294 del principio
30 296 1187 464 centzonuitznaoa, persigujendoles y
27 389 1203 554 echandoles fuera, de aquella sierra,
42 469 1198 637 que se dize coatepec hacta abaxo:
30 567 1189 719 peleando contra ellos, y cercando
35 663 1214 824 quatro vezes, la dicha sierra. Y los
48 771 1203 901 dichos yndios centzonujtznaoa, no se
41 855 1222 987 pudieron defender, nj valer contra
51 944 1230 1104 eldicho vitzilobuchtli, nj le hazerco
48 1045 1192 1205 sa mnguna: y ansi fuexon venci
55 1130 1154 1304 dos y muchos dellos murieron.
57 1226 1217 1363 Y los dichos yndios centzonuuitznaoa:
50 1321 1185 1476 rogauan, y suplicauan al dicho
55 1419 1197 1604 Vitzilobuchtliz; diziendole, que no
55 1517 1203 1708 les persigujese, y se ratrayese, de
70 1617 1187 1801 la pelea. Y el dicho vitzilobuch
69 1715 1256 1901 tli, no qujso njles consintio, hasta
71 1841 1213 1973 que cazi todos los mato, y muy po
93 1937 1257 2093 los escaparon: y salieron huyendo
90 2025 1199 2202 de sus manos, y fueron a vn lu
89 2123 1240 2271 que se dize vitztlanpa: y les
88 2248 1233 2395 qujto, y tomo muchos despojos
86 2347 1241 2490 y las armas que trayan, que se
88 2428 1257 2572 llamauan Anecuhiotl. Y el dicho
80 2535 1249 2702 Vitzilobuchtli, tambien se llama
80 2642 1226 2809 ua tetzaujtl: por razon que de
88 2767 1242 2931 zian, que la dicha coatl ycue, se
82 2860 1271 3029 en preño, de vna pelotilla de plu
89 2988 1247 3128 ma: y nose sabia, qujen fue su
89 3061 1244 3209 padre. Y los dicnos mexicanos, lo
96 3154 1283 3343 antenjdo en mucho acatamjen
91 3284 1250 3444 to, y le an serujdo en muchas
100 3360 1271 3550 cosas: y lo antenjdo por dios de
102 3493 1293 3651 la querra, porque dezian, que el
101 3593 1305 3733 aicho vitzilobuchtli, les daua gran
113 3693 1264 3857 fauor en la pelea; y el oraen, y
129 3787 1313 3948 costumbre, que tenjan los mexica
118 3860 1244 4037 nos, para serujr y honrrar, al
1346 78 2050 228 delos dioses.
2355 112 2566 248 fo. 3.
1285 224 2442 396 njmanjc comlhuj in quavitli
1295 385 2417 532 cac, ca iequene oalpanvetzi
1299 522 2443 692 iequene oalaci teiacantivitz
1290 625 2485 814 in Coiolxauhquj. Auh in vi
1307 777 2477 951 tzilobuchtli: njmanjc oallacat
1287 917 2453 1087 n jmamtlatquj oalietia in ichi
1300 1034 2493 1197 mal, tevevelli, yoan in jmiuh,
1313 1197 2559 1371 yoan yiatlauh xoxoctic, mjloa
1315 1323 2497 1500 xioatlatl, yoan icxitlan tlatla
1318 1474 2532 1648 an, ic ommichiuh yn iconecujtl,
1323 1623 2521 1796 mjtoaia ipilnechioal, moquapo
1331 1800 2518 1952 tonj, ixquac, yoan in anacaz
1330 1929 2496 2070 tlan, auhcepitzaoac injcxiy
1324 2050 2562 2257 iopochcopa, qujpotonj, in jxocpal
1359 2176 2520 2362 yoan qujtexooaoan in jmetz v
1329 2289 2511 2499 mexti. yoan vmexti in jacol.
1347 2459 2512 2647 auh ce itoca Tochancalquj con
1346 2588 2542 2763 tlati in xjuhcoatl, quioalnaoati
1340 2730 2585 2893 in vitzilobuchtli: njmanjc quixil
1348 2848 2521 3005 in Coiolxauhquj: auh njman
1355 2987 2532 3165 queehcotontivetz, in tzontecon
1358 3105 2581 3251 vmpa ommocauh injtenpa coa
1361 3213 2554 3384 tepetl, auh in itlac tlatzintlan
1362 3381 2559 3512 vetzico tetextitivetz, ce cecean
1368 3518 2533 3680 veuetz injma, injcxi, yo an
1375 3631 2503 3798 itlac, auh in vitzilobuchtli:
1365 3770 2577 3922 njman ie oaleoa, qujtloaltoca
