2688 4196
515 -7 1627 257 Del. libro. go
4 232 2656 360 bastara dezir vna : y es que enesta tierra no ha muy muchos años, que
12 353 2635 499 començaron las idolatrias: y este calendario es antiquissimo: y di los
3 468 2626 606 nombres de los dias, semanas, y años, y sus frguras, sonde anjmales,
14 580 2636 714 y debestras, y de otras criaturas: no se deuen maraujllar, pues imj
23 665 2607 822 ramos los nuestros : tambien son de planetas, y de dioses que los genti
19 786 2655 910 los tuujeron: y pues que aquj se escriuen muchos ritos, ficciones an
24 906 2660 1038 tiguos sacrificios; vna cosa tan buena, y de tanto primor, y verdadexa
42 991 2619 1150 que estos naturales tuujeron, no es razon dle xeprobarla: pues sabe
30 1096 2610 1239 mos, que todo bien y verdad, qujen qujera que la diga, es del espi
21 1207 478 1338 ritu sancto.
423 1368 1918 1611 Con futacion de lo arriba dicho.
27 1676 2613 1884 En lo primero que dize, que por esta cuenta: los idios contauan seis
35 1843 2632 1964 semanas, meses; y años, es falsissimo: porque esta cuenta, no con tiene
39 1924 2612 2062 mas doscientos y sesenta dias, y faltale ciento y emeo dias, para cex
36 2013 2626 2180 cuenta de vn año enfero, nj tanpoco contauan sus meses por esta cuen
27 2121 2638 2325 ta, porque sus meses, son dezi ocho en vn año, y cada vno tiene vemte
29 2223 2643 2376 dias que son trezeentos y sezenta dias: al qual numexo, nollega esta
46 2379 2607 2484 cuenta: nj tampoco cuentan, por esta cuenta sus semanas, porquae
46 2433 2649 2592 aquello que dizen, que tenjan treze dias por semana ess falso, porqu
47 2551 2650 2697 desta manera seria vna senana de treze dias, y otra semana entre
62 2635 2652 2789 dia contres dias enel mes sigujente; y anti cacla mes no tendria dos
46 2734 2646 2931 semanas enteras: mayor menfe, que sus semanas eran deeanco dias:
40 2835 2623 3031 las quales mejor se llamaran qujntanas que no semanas  ay
42 2934 2623 3098 en cada mes quatro destas qujntanas. Loque dize de olimpia
35 3031 2643 3253 des, o sustros, y idiciones, o la mesma razon esfalso, y mera fieciō.
18 3100 2669 3360 Loque dize, que el año, començaua en rnexo, como el nuestro, es fal
54 3229 2642 3451 rissimo: porque loque llaman vn año por esta cuenta no son
72 3335 2650 3559 mas doscientos y sezenta dias, y denecesidad se auia de acabar
53 3451 2634 3669 cento y eicodias, antes de nuestro cmo : y ansi no pochia comen
63 3548 2658 3759 çar con el nuestro año, gino algunas ymuy raro: en lo que dize que
46 3663 2637 3857 los idios se compociero desta cuenta, semonstraron, philosophos
58 3767 2649 3945 naturalos es falsissimo: porque esta cuenta, no le lleuan, por njj
46 3876 2648 4053 guna orden natural: por que fue in vencion del demonjs, y al
