2646 4048
648 45 1093 223 Libro.
108 230 1285 371 deste siono: hecatl, es mal afor
96 368 1301 491 tunaaa: que qualqujera que na
114 480 1316 623 cia, en aquel dia, erarmal afor
107 600 1333 761 tunado: porque su vida, seria como
111 718 1297 868 viento, que lleua tocto consigo
103 821 1267 976 todo quanto puede: qujere ser
94 937 1286 1090 algo, y siempre es menos: y quj
112 1045 1328 1191 exe medrar, y siempre desmedra:
96 1151 1322 1315 y tienta de tomar oficio, ynun
99 1257 1292 1408 ca sale con nada: aunque sea
89 1368 1321 1525 hombrevaliente, o soldado, no cuj
106 1482 1293 1627 qujen se acuerde del: todos le
111 1603 1302 1764 menospiecian,  njnguna cola
101 1713 1292 1865 que intenta: tiene buen suce
104 1827 1195 1958 lo, con njnguna, cosa sale.
728 2469 858 2599 cas
495 2772 750 2931 Pr.xurj
628 3063 937 3219 A. o co
628 3207 1062 3361 .B. 9. es
850 3383 1140 3532 o. B. o
753 3595 1230 3685 o. o. 5. oo
415 3697 1252 3893 Afuo.o g9. o gf
1530 61 1707 270 qo
1389 197 2582 372 ic temotlaia xcochiciujztli, palanjliz.
1377 345 2566 533 tli: auh in aqujn vel ontlamaceoa
1377 522 2582 689 in vel monotza, çaonca qujçaia, ma
1392 620 2582 779 viztia, momavizcotiaia: catia motz
1376 750 2600 975 tica, vel moietztia tepaltzinço in tpzc
1374 913 2602 1096 no iuhquj ipan mjtoaia, in aqujl
1390 1042 2572 1205 ipantlacato, ca moch vet qujchoaiz,
1377 1164 2576 1408 mtoltecaiotl, vel totoltecatiz, tla
1389 1348 2569 1517 tlanemjliz, ioioliz matquj iez, in
1372 1475 2558 1647 Tlauelmonotzaz: auh in tlacamo
1378 1594 2572 1817 vel monotza, atle onqujçaia, atle
1372 1776 2583 1951 ienopil, çan iaujlqujzca, iqueque
1373 1888 2573 2057 loloca in qujmomacauiaia. Auj
1376 2022 2543 2179 mehicunavi hecatl: mjtocua, mot
1382 2143 2520 2365 qujtica, mocti centlantica anto,
1378 2276 2600 2495 quali: in qqujn ipan l açati, quo
1384 2440 2579 2612 vel muchioa yn jnemjliz, atla yu
1383 2576 2557 2726 ic tlacalou, atlevelic tlaanca, tua
1380 2681 2558 2926 vel ic tlatzicod, auleujeltezça, da
1381 2887 2549 3067 veli, atle veliti in tlalteepac, cati
1377 2995 2569 3217 iutiqujt ecatocotinemj, avec ialti
1383 3136 2577 3360 nemj, conmoneetia ni mautlatl, tl
1387 3318 2554 3488 maacati, çanatleti: canel iuhquj.
1371 3443 2567 3627 itonal, conjxtoca, ipan onmjx,
1386 3575 2590 3771 poa, in mapupuchtecati in mato
1389 3686 2560 3911 ce cujcujçanjti, teaachti, tetlatla
1387 3857 2582 4020 vicalti, tecacamanalhuj. Etq aue
