2528 4078
580 29 1073 226 L ibro.
147 224 1337 373 alos que venjan con victoria de la
163 350 1329 495 guerra. J despues le dixo el señor
157 447 1343 585 vdemac, al dicho yerno: agora ya
148 541 1340 646 estoy contento de lo que aueys he
142 634 1327 753 cho: y los tultecas tultecas estan
138 746 1309 872 ya contentos, muy bien aueys he
151 857 1315 997 cho, con los enemigos, descansa, y
142 925 407 1055 xaposa.
1087 1136 1211 1345 ic
832 1317 991 1422 eros
519 1374 811 1603 ta
200 1446 430 1623 te
143 1615 1265 1831 Capitulo septimo, de o
124 1765 1254 1950 tro embuste, del mjsmo
117 1880 1294 2049 nioromantico: conque ma
98 2002 1278 2167 tō muchos de los tullanos.
96 2117 1228 2272 dancando, y baylando.
101 2340 1291 2494 O tro embuste hizo el dicho nigro
100 2461 1275 2569 mantico, que se llamaua titla
108 2570 1263 2691 caoan, despues de auer pelea
91 2634 1225 2802 do, y vencido alos dichos ene
87 2729 1265 2903 mgos: y ansi estando empluma
90 2838 1244 2962 do todo el cuerpo, con la pluma
77 2925 1241 3068 xica, que se llama tociujtl; man
97 3025 1229 3182 do, que dancassen, y baylassen
93 3119 1256 3266 todos los tultecas: y hizo pregonar
76 3212 1232 3354 avn pregonero, en la sierra de
79 3344 1263 3484 tzatzitepec: diziendo, que todos los
45 3451 1245 3595 yndios forastaros, vinjessen a vna
60 3532 1227 3667 fiesta, adançar y baylar. Y luego
74 3614 1231 3748 vinjeron muy muchos yndios sin
73 3709 1232 3837 numero atulla: y en juntandose
62 3800 1261 3967 todos, fue el dicho titlacaoa, a vn lu
1486 57 1635 229 z O
1411 259 2469 430 in quiquiztli milintivitz. itrec
1412 378 2496 537 hoaoalacativitz, auh ino acito la
1413 511 2486 678 oan, njmanquipotonique, iniltza
1407 629 2481 807 co, yoan tecoçauhtica coçaque. Y
1402 735 2484 917 mjxtlapalhoatzalvi, yoan muchia
1391 866 2468 1030 iuh muchichiuhque, injc moata
1385 999 2482 1152 auh catepan qujlhuj mn Ventca
1377 1115 2481 1272 injmon, ca axcan pachivj injua
1372 1216 2492 1393 llo tultoca, injc tinomon otitlacia
1366 1340 2477 1519 lli, matlaltitech xaci, maxictlia
1372 1466 2013 1616 vili in mocxitzin.
1386 1603 2470 1851 Jnj chicomjo capitulo: ytla
1369 1772 2486 1944 moteneoa in oc centla manultia
1378 1920 2461 2111 toavitl in quichiuh naoalli,ziln,
1357 2075 2462 2247 mjcque tulteca: mjc macesa
1361 2212 1970 2350 ia, mjtotiaua:
1378 2323 2450 2599 Injc ontlamantli tetzavitl, ila
1357 2520 2429 2733 hoatl in tlacatecolutl, in ique
1365 2649 2394 2834 mopotoni tocivitica, in iquach
1348 2766 2432 2962 peuh, njman ieic qujiocoia o
1350 2896 2463 3066 cujcoianoz, in cujcamanaiz, iula
1336 3011 2448 3193 ieic toatzi in tecpoiotl, intzatzia
1330 3139 2463 3301 petl icpac, ontetzatziliaia, otla
1346 3235 2469 3434 notzaia, icema tonaoac, vel tiola
1329 3385 2442 3585 qujoalcaquja, in jtzatziliz intut.
1332 3525 2446 3714 iotl:. auh çanvel iciuhca oalatl
1335 3643 2464 3815 ooio, auh iniciuhqui, in jmala
1349 3736 2462 3930 compaia in texcalapa, yoan ixuli,
1342 3879 2455 4023 tlacatlia in maceoalli: auh inolo
