2520 4058
412 -1 1008 209 Libro. E.
56 214 1271 361 de circulo, sino otro labor. Todos es
52 359 1316 457 tos becotes, eran hechos de conchas
51 468 1280 569 de hostias de la mar. Todos los
63 545 1275 677 valientes lleuauan vnos colla
64 652 1262 779 res decuero, y dellos colgauan
52 743 1235 894 sobre los pechos vnas bor las
37 838 1290 1019 amanera de flores grandes: de
44 959 1258 1143 las quales colgauan, vnos cara
48 1085 1267 1249 corillos blancos encantidad: otros lle
67 1179 1278 1335 uauan vnas conchas de marizcos,
58 1291 1275 1470 colgadas del cuello: aestos llama
67 1399 1230 1584 uan quaquachicti, y aotros
76 1521 1254 1689 otomjn, estos lleuauan tambi
59 1631 1240 1762 en vnos baxbotes, o becotes, he
68 1743 1238 1898 chos amanera de agujla de
55 1863 1275 2016 la mjsma concha, y otros que
53 1976 1261 2114 se tenjan, por mas valientes
50 2085 1246 2247 comprauan vnas cuentas blan
68 2215 1233 2336 ças, de vnos mariscos, que se
44 2298 1253 2459 llaman teuchipoli. La otra gen
66 2415 1253 2537 te baxa se adornauan, con v
54 2503 1224 2634 nas cuentas a marillas: tam
53 2597 1208 2759 bien hechas de conchas de
51 2705 1203 2853 maxiscos, que son baratas, y
41 2795 1216 2969 de poco valor: los destos que
55 2932 1268 3055 aujan tomado en la guerra cap
49 2992 1228 3159 tiuos, lleuauan sobre la cabe
53 3104 1225 3280 ça vn plumaje, para ser cono
51 3223 1222 3397 cidos, que aujan proso en la
61 3340 1244 3522 guerra, algun captiuo: los ca
42 3449 1226 3601 pitanes lleuauan vnos pluc
47 3547 1217 3713 majes, atados en las espaldas,
44 3646 1214 3788 en que se conocian ser valien
46 3747 1249 3906 tes: los quales plumajes, llama
35 3842 1240 3998 uan quauhtzontli: porque exa
1556 9 2456 197 de las cerimonjas:
1360 217 2462 382 que, ymaachi chilacachtem
1374 352 2483 495 pilol: auh yn ixqujch tlacatl
1368 436 2429 600 incan telpopuchti, can re
1377 540 2477 711 hoatl yn aiaoaltempilolli in
1363 664 2452 802 contlalia. Auh inteachca
1362 786 2463 943 oan, ymelpancuzquj, yme
1353 904 2461 1073 elpancuzquj, cilin intlachi
1353 1009 2464 1170 oalli: auh in quaquachictin,
1353 1122 2450 1309 yn otomj, in cuzcachacha
1354 1226 2504 1393 pac: iehoatl in chipulin. Auh
1359 1375 2465 1527 yn quaquachicti qujnamjc
1341 1472 2462 1634 tia, iehoatl in tototenpilolli:
1336 1587 2476 1762 auh yn otomj qujnamjctia
1340 1728 2460 1874 ia, iehoatl yn apatlactli ten
1345 1849 2459 1994 pilolli. Auh yn aqujque in
1339 1978 2429 2094 mocecenmati, in tiacaoan,
1329 2079 2474 2260 qujmococouja teuchipuli in
1340 2194 2459 2338 cuzcatl, cenca chipaoac: auh
1328 2317 2448 2474 inca tlatzacuja in ca tlatoquj
1329 2443 2457 2616 lia, iehoatl yn achipulin quj
1323 2586 2460 2724 mocoujaia, yn in cuzquj, canl
1332 2688 2433 2855 cuztic, amonotlaquaoac, a
1329 2804 2441 2955 mono cenca patio. Auh in
1311 2923 2445 3073 tlamanjme, in telpuchia
1325 3038 2453 3195 que, in tototlamanal, in cō
1311 3156 2455 3322 quequetztinemj yn imicpac
1329 3263 2451 3438 Auh in tequjoaque, quauh
1313 3374 2430 3545 tzontli in qujmamaia, ex
1317 3511 2414 3678 çan vietiuh, quauhtlal
1319 3599 2464 3773 pilonj, ocelueoatica intla
1310 3758 2446 3932 qujmilolli: auh in itzintlā
1318 3875 2447 4026 excan in chichilicpatica tla
