2642 4166
642 6 1099 227 A. ib t6.
105 240 1273 369 no le haze mal, nj leda ascos:
106 366 1260 521 aunque sean hezes del vino
108 478 1240 620 con muscas, y pajas: ansi lo
109 586 1232 730 beue. Y sino tiene conque cō
110 688 1240 834 prar el vino: con la manta, o
103 793 1279 928 el maxtlatl que se viste, merca
101 892 1264 1010 el vino: y ansi despues, vigne
130 988 1277 1142 aser pobre: y no puede dexar
114 1079 1266 1241 de beuer vino, nj lo puedem
124 1197 1267 1374 olujdar: nj vn solo dia pue
110 1285 1275 1462 do estar, sin en borracharse:
115 1419 1234 1585 anda cayendo se, lleno de
124 1543 1266 1685 poluo, y bermejo: y todo es
114 1652 1264 1817 poluçado, y descabellado, y
128 1773 1257 1932 muy suzio, y no se laua la ca
118 1883 1297 2043 ra: aunque secaya lastimando
89 2025 1277 2139 se, y heriendo se en la cara,
108 2121 1264 2254 o en las narizes, o en las pier
104 2222 1320 2388 nas, o rodillas, o sele qujebran
111 2356 1327 2539 las maños, o pies. et et. Rolo
112 2501 1272 2617 tiene en nada: aunque este
100 2599 1268 2770 lleno de golpes, y heridas de
107 2736 1289 2889 caer se: por andar se borracho
111 2817 1252 2997 no se le danada: y tiemblan
101 2936 1231 3096 le las maños: y quando ha
98 3051 1291 3228 bla, no sabe loque se dize sha
108 3179 1304 3325 bla como borracho; y dize pa
107 3316 1280 3450 labras afrentosas, y injurio
97 3425 1273 3582 sas, reprehandiondo, y disfa
99 3511 1294 3693 mando a otros, y dando aul
108 3649 1322 3812 lidos, y bozes y diziendo: que
112 3768 1300 3907 es hombre valiente, q̄ anda
1510 78 1616 261 A
1382 226 2552 381 maca, aocmo qujpepechtia, ioio
1382 362 2588 510 oac mmoquetza, tlachicque mn eia
1386 499 2588 643 cacalaquj, tlatlapevia, aquenma
1384 636 2580 790 tlapohuj mjiollo, avelca mmaca
1381 769 2572 930 tleçonj: auh aoc quenqujmati, ca
1375 890 2592 1065 mo qujtlatzilhuja, amo yvic eoc,
1383 1040 2594 1209 oimo qujtlaeltia, in manel caxaioa:
1383 1135 2576 1344 cujtlatl, in can iuhquj tetzacpol,
1381 1290 2582 1503 chapantica: ano ce moca çaiola,
1398 1407 2600 1642 caiollo, moça tlaçolli, tlatlaçollo,
1387 1565 2586 1754 cauchquj qujtoloa, iuhquj quj
1402 1724 2578 1882 colotza, qujtequj: iuhqujnchich
1388 1872 2583 2049 motempapaloa, hitlacaoctle quj
1386 2045 2533 2171 tta, qujtlaoanaz, ic moccoviz.
1391 2156 2586 2322 qujcujtivetzi mj tilma, ynjmax
1385 2279 2590 2494 tli: ie noiotl ipampa qujmottitia
1388 2380 2576 2595 aocmo vel motlacaoaltia, moioli
1395 2578 2558 2721 techioa: njman aoqujc vetlaca
1382 2686 2552 2918 conemj, tlaçaco tlamati in mac
1380 2838 2575 3010 ivian oticemjltuujti, Jn ocuel tutjl.
1394 2949 2594 3158 tic, tequjxocomjc, onocuellapolo,
1383 3093 2547 3319 tlaeliumtec, aocmoqujman, cā
1390 3268 2583 3432 mjxicquetza, inotzonjquetza, cuj
1398 3395 2572 3539 tlanexiutitinemj, ixctenoxiutiti
1398 3505 2612 3733 nemj. xchictitivi, ixchichilila,.
1408 3701 2585 3851 quapopoliuhitinemnj, quatzat.
1417 3817 2583 3989 iuhtinemj, quapopolpol. quea.
