2586 4020
172 47 685 222 dela fiesta
19 227 1027 388 quego por la boca, traya la cola,
21 330 1041 476 hecha de papel, dos otres bracas
17 411 1022 552 de largo: quando descendia, nro
15 501 1030 649 parescia, sino gran culebra, des
24 603 1033 736 cendia culebreando, y moujen
36 666 1054 802 do la lengua, y llegando abaxo
34 748 1046 896 ynase derecho al pilon, donde
41 857 1028 1008 estava el papel, y ofrecialo
33 943 1025 1105 hazia las quatro partes del
48 1072 1058 1210 mundo, y luego tornaua apo
44 1140 1046 1322 nerlo junto, y arrojaua so
50 1247 1062 1375 bre ello la culebra ardiendo
53 1356 1078 1507 alli se quemaua todo junto:
49 1465 1055 1611 y el satrapa tornauase a su
60 1561 1075 1724 bir al cu, y llegando arriba,
68 1678 1034 1822 comencauan luego, atocar
63 1773 1082 1920 las cornetas, y caracoles: lue
60 1858 1060 1999 go descendia vn satrapa, con
72 1964 1088 2135 gan priesa, trayendo enlos
91 2075 1092 2202 braços, la estatua de paynal
87 2177 1083 2309 vicario de vitzilopuchtli, y lle
97 2276 1079 2408 gando conella abaxo, passa
108 2380 1108 2508 na por delante del pilon, y por
110 2466 1078 2610 lante de los captiuos, y los es
88 2547 1092 2704 cauos, que aujan de morir,
99 2649 1134 2800 como gujandolos, luego torna
99 2736 1112 2876 ua a subir al cu, en lleoan
92 2827 1084 2953 do arriba, matauan prime
87 2904 1117 3049 ro alos captiuos, paraque fue
78 2968 1100 3123 sen delante de los esclauos, y
80 3096 1127 3228 luego matauan alos esclauos:
93 3196 1131 3335 en matando avno, luego tora
90 3279 1122 3404 dan, las cornetas, y caracoles:
99 3370 1102 3497 descendian el cuerpo, por las
94 3476 1141 3591 gradas rodando, derramando
90 3555 1133 3705 por ellas la sangre, assi hazi
102 3656 1150 3761 an atodos los esclauos, que ma
97 3729 1166 3865 tauan a honrra de vitznaoa,
2222 19 2473 150 fo. 88.
1277 -5 2084 181 Panquetzaliztli.
1120 196 2331 338 oaltemo, iuhqujn manelli coatl,
1112 299 2320 486 nenepilotivitz, iuhqujn mocue
1124 449 2347 579 quelotivitz. Auh mo caxitico tla
1122 564 2341 726 tiintlan, vmpa tlamattiuhin
1123 700 2297 870 quauhxicalco: mee tteco, no
1145 823 2297 978 nauh campa in conjaoa: mo
1143 914 2280 1118 conjauh mec cōmaiavi mj
1156 1022 2316 1229 pan teteppoalli, mectlatla:
1160 1143 2291 1322 auh mo concaoaço mec tleco,
1151 1305 2303 1473 mopan vetaito tlacpac, mac
1159 1409 2319 1617 tlapitzalo: njmā ieic oaltemo
1152 1524 2326 1715 in Paynal, mjxiptla vitzilo
1159 1645 2333 1824 bixchtli, cenea qujoael motlalo
1162 1758 2336 1929 chtia. Auh motlaltitecti caxi
1162 1899 2364 2088 tico, ixpan qujqujxtia i qua
1176 2022 2327 2229 uhxiçalli, mjxpan qujztiquj
1186 2110 2336 2343 ça m mamalti, yoan in tlaal
1186 2229 2372 2431 tilti, iuhqujn qujn oaliacana,
1182 2358 2397 2554 mectleco: moauto tlacpac, act
1190 2489 2397 2692 tomjquj i mamalti: ciehqujn
1197 2629 2398 2821 impepectioan muchioa, tlaal
1199 2744 2439 2901 tilti: auh moachto ommjcqua,
1207 2851 2372 3036 mamalti; caqujmotoqujlia
1208 3016 2378 3133 in tlaaltilti. Auh mjquac eeo
1223 3106 2362 3266 mjquj, njman tlapitzalo: nj
1223 3238 2395 3395 man ic qujn oaltemovitima
1214 3349 2393 3514 nj, qujn mjmjlotivitza, much
1220 3493 2471 3659 iuhqujnchioa in ccaaltilti. Auh
1235 3632 2458 3779 nomjcoa in vitznaoac: ca njoque
1252 3717 2449 3884 mmjquj vitznaoaca, canmjx
