1970 2742
7 2331 110 2464 bica
277 -7 678 117 Capitulo. 12.
168 130 958 230 estomago, con hambre: y tu boca con
156 197 956 281 sed, comjendo sola vna vez, al medio
162 250 973 344 dia: y esto quatro dias. Ole manda
158 322 997 418 ua, yras a ofrezer, papeles, a los luga
158 372 959 462 res acostumbrados: y haras ymagi
154 433 991 518 nes, cubriras con ellos, las ymagines,
156 481 988 596 que llevares, hechas segun tu deuo
167 547 980 645 cion: y haras, en su presencia, la cerj
158 624 990 720 monja acostumbrada: de cantar, y bay
150 679 991 777 lar, en su presencia. O le dezia, has
160 741 980 844 ofendido adios, enborrachandote: con
175 795 973 893 ujene te satisfazer, al dios del vino,
159 864 985 961 llamado totochti: y quando fueres, a
166 922 995 1025 hazer, esta peniteneia, y ras de nodr
157 982 994 1093 yras desnudo, sinque lleues, njnguna
162 1062 975 1144 otra cosa: sino vn papel delante, y o
162 1127 981 1209 tro de tras: para cubrir tus partes ver
167 1171 995 1284 gonçosas. Y quando hecha, tu oracion:
163 1248 958 1336 te bolujeres los papeles, conque vas
169 1308 960 1399 ceñjdo de tras, y delante: arrojar los
173 1379 976 1469 has, delante de los dioses, que alli es
167 1435 964 1535 tan. Acabada, la confession, y rece
157 1503 984 1595 bida la penjtencia: el penjtente, yua
169 1576 981 1658 se para su casa, y procuraua, de nu
168 1626 978 1723 ca mas boluer, a hazer, aquellos peca
178 1693 979 1786 dos, de que se auja confessado: porq̄
165 1759 993 1854 dezian: que si otrauez reyncidia, en
160 1825 982 1916 los pecados, no tenja remedio. No ha
161 1879 985 1982 zian, esta confession: sino los vicjos, por
167 1947 965 2040 graues pecados: como es adulterios. Et .
186 2030 957 2108 Y la razon, porque se confessauan:
168 2071 948 2174 era por librarse, de la pena tempo
163 2144 957 2240 que estaua señalada, alos que
169 2211 955 2291 cayan, en tales pecados: por librarse,
164 2285 952 2370 de no recebir pena, de muerte:
165 2330 1007 2413 tandole, lacabeça, o machucandolala
162 2401 979 2478 o haziendo la tortilla: entre dos grandes
161 2462 949 2551 piedras. Es de saber, que los satra
159 2522 984 2616 pas, que oyan los pecados: tenjan grā
1081 -3 1531 120 de tlaçulteutl.
1789 32 1914 113 to. .
1041 140 1878 241 yvin conjtoa, yn juh qujchjuh, im
1038 210 1895 310 maca çan vtli, cencan qujtocatiuh
1041 285 1889 411 yn jtlachioal, yn juhuj cencan quj
1039 364 1842 487 tocatiuh. Auh yn otlamjto ynj
1033 454 1872 567 tlatol, yn omuchi qujto ytlachi
1030 559 1861 676 oal: qujnanqujlia, yn tlapouh
1043 636 1861 769 quj, yn jxtli, yn nacaztli muchi
1042 751 1866 859 oa, in teujujti, in tepatilloti: qujl
1043 824 1845 943 huja. O ca ticmononochilia, catic
1037 908 1856 1027 momaqujlia, in tloque naoaque,
1037 1002 1839 1117 im motlachioal, in monequavi
1035 1100 1823 1211 tec. Auh ynjn, ca izca yn taiz,
1035 1213 1852 1327 yn ticchioaz: yn jquac temoa, y
1036 1274 1861 1408 njquac temo cioapipilti, anoçe y
1035 1373 1824 1484 njquac ymjlhujuh cioapipilti
1043 1468 1832 1595 yn jxcujname: naujlujtl timo
1031 1561 1854 1676 çaoaz, timocujtlaxculçaoaz, ti
1036 1656 1848 1769 motenoatzaz. Auh yn iquac vel
1022 1751 1845 1874 jlhujtl, in ie oallatujh, in ioaltica
1027 1830 1853 1966 tiçacatlaçaz, titlacoqujxtiz: ynjn
1027 1936 1861 2044 motlapilchioal, iuh ticnamjctiz y:
1027 2013 1866 2141 auh ynjn iuh namjque ez y: auh
1028 2099 1825 2214 in quenjn ticnequiz, iuh ticne
1027 2200 1873 2328 quiz: yntla tiçacatlaçaz, iehoatl
1022 2292 1862 2402 in teucalcacatl tiqujxtiz, anoço tla
1017 2398 1862 2500 cotl. Auh aço monacazco intitla
1012 2474 1857 2594 qujxtiz, anoço monenepilco. Auh
