2736 4242
1061 11 1612 214 libro: qujlito,
54 176 1328 364 portes obiscuro de negro, casiesta ma
1438 229 2739 372 tomjtoa, in quenman omevitz qujtoa:
64 320 1305 496 na, como vn ratonzillo: no tigne pe
1439 345 2687 524 noqualli qujnextia, aço itlaqualli te
63 395 615 530 los es lampina.
1437 473 2190 621 macehoal muchioa:
69 592 1308 752 Capitulo nueue, que tracta del
1437 615 2645 786 Lc chicunauj capitulo, vncan mj
68 769 1329 884 agueço que tomauan: quando vn
1449 780 2659 927 toa: in tetzaujtl: in qujmotetzaujaia,
54 831 1317 988 anjmalejo muj hedionda que se
1440 887 2640 1065 in jquac centetl iolquj, in cenca hijac,
51 932 1301 1073 llama epūtl entraua en su casai,
1441 1020 2659 1151 in jtoca Epatl: in jquac ie oncalaquj,
75 1011 1296 1204 o olian su hedor en alguna parte.
1432 1144 2624 1339 ietan, auh anoço in jquac moxixā:
1440 1302 1688 1441 mjexi:
78 1418 1348 1536 Tenjan tambien por mal aguero, los na
71 1507 1309 1629 turales desta nueua españa: quando vn
1445 1415 2667 1669 No ioanin epatl, ne tetiaujloia:
78 1580 1331 1719 anjmalejo, cuya orina es muy hedionda
1431 1599 2666 1770 injquac aca ichan calaquj, anoço vn
75 1655 1309 1792 entraua ensucasa, o paria en algun agu
82 1757 1325 1878 iero dentro de su caja: ental caso: luego cō
1425 1731 2665 1909 can mopiloatia: qujtoa, iemjquiilti
82 1814 1340 1977 ceoian mal pronostico, y era que el due
1431 1847 2672 2049 chane: ipampa iuhqujtevaia, ca amo
57 1917 1321 2061 no, de la casa, auja de morir: ydezian,
53 2007 1307 2138 que la causa era: porque este anjmalejo,
1428 1962 2681 2145 inentla, amo inemja incalla, intechan:
69 2109 1293 2228 no suele parir en casa alguna: sino en el
1422 2100 2657 2262 camjlpan, cacatla, memetla, nono
73 2179 1290 2309 campo, o entre las piedras en los mayra
1428 2229 2703 2437 palla, in jnemjia, in jqujçaia. No ipan
57 2278 1278 2408 tes: donde ay magueyes, o tunas Fam
57 2355 1283 2510 bien dezian, que este anjmalejo, era
1429 2367 2698 2556 qujmatia, ca ixiptla, in tlacateculotl,
56 2469 1321 2595 smagen del dios que llamiauan tezca
1426 2512 2644 2682 tezcatlipuca: auh in jquac mjexi, in
69 2576 1324 2724 tlipuca: y quando este anjmalejo, este
1428 2650 2639 2836 teiexi, qujtoaia: omjex intezca
63 2653 1325 2830 lia aqualla materia hedionda, que era la
72 2767 1302 2959 orina, o el mjsmo estiexcol, o laventoli
1406 2789 2647 2942 tlipuca. Auh intla aca canazne
74 2847 1249 3004 dad, dezian: tezcatlipuca aventosiado.
1411 2915 2705 3105 quj, in ace qujtoca: çan ic qujqueloa,
50 2937 1296 3106 Tiene estamaña, este anjmalejo: que
66 3072 1333 3240 quando topan con el en casa, o fuera: no
1412 3041 2630 3206 ic ica mocaiaoa: cenca qujquetza,
57 3146 1310 3307 huje mucho, sino anda azcadillando
1407 3201 2635 3360 cacoquetza in jcujtlapil: auh qujniz
51 3247 1302 3397 de aca, paralla: y quando elquele per
1415 3318 2641 3494 quac, in tlaieuel itechonaci: njman
51 3336 1289 3510 ligue vaya cerca, para asirle: alça la
41 3438 1289 3595 cola, y arroja le ala cara la orina, o a
1416 3440 2717 3629 ic qujualiexi, iuhqujn: aca tlaalpichia,
38 3559 1298 3683 quel humor que alança muy hediondo
1431 3586 2655 3785 vel neci, vel itto, injiel: iuhqujn a
56 3652 1284 3779 tan rezio como lile hechasse con vnā
35 3724 1273 3878 xeringa: y aquel humor, quando se es
1419 3719 2666 3911 iauhcocamalotl, icmoquetza: auh
43 3841 1281 3973 parca, parece de muchas colores: como
1422 3843 2662 4050 vel temaoa, tetechaquj inijel, aiax
51 3911 1287 4062 el arco del cialo: y donde da queda aq̄l
53 3998 1273 4141 hedor ten inpreso que iamas le pue
1404 4000 2639 4150 çan tecaoa: ic vetzi, ic tlaxo, ictla
