2400 3546
2143 16 2365 136 .fol. 2
512 -7 1686 196 Apendiz y Appologia.
76 127 2283 299 te de adiujnacion, en loque dize que faltaron en el bixesto es falso,
78 273 2256 387 porque en la cuenta que  llama, calendario verdaderos: cuentan
73 387 2257 478 trescientos y sesenta yeinco dias, y cada quatro años, contauan tre
75 469 2253 580 cientos, y sezenta y seis dias en fiesta, que para esto hazian de
82 540 2286 665 quatro engua tro años. Pn lo que dize que eneste calendario no ay
81 628 2282 764 cosa deidolatria, es falssissima mētixa: por que no es calendario,
64 710 2232 836 omo axte adiujnatoria, donde ze, con tienen muchas cosas de ido
72 799 2248 910 la tria, y muchas euparsticiones, y muchas in vocaciones delos de
81 896 2265 1008 monjos, tacita, y espressamente, como parece en todo este quarto
63 979 2289 1098 libro precediente: de manera que njnguna verdad contiene aquel
72 1072 2272 1201 tratado arriba puesto: que aguel religioso escriujo, mas antes cō
75 1176 1569 1313 tiene falzedad mentira muj pernjciosa.
426 1308 1669 1530 Siguese adelante enel tratado
605 1429 1381 1618 de aquel religroso.
67 1583 2261 1794 Cos idios, que bien entendian los secretos destas ruedas, y ca
68 1699 2263 1849 lendario, no los enseñauan, njdescubrian, sioamuy pocos, porque
71 1800 2279 1954 por ello ganauan de comer, y eran estimados, y tenjdos por hombres
75 1863 2232 2036 sabios, y enfendidos: empero sabian casi todos los mdros aclultos
70 1944 2254 2147 y tenjan noficia del año, ansidel numero como dela casa en que
80 2027 2250 2215 andauan: mas delos nombres de los dias, y semanas, y sotros mu
82 2138 2232 2319 chos secretos, y cuentas que tenjan: solos aquellos maestros com
73 2227 2275 2413 potistas, lo alçan çauan sa de saber. Agora paxa entender lacuen
71 2340 2220 2468 ta, que estos natuxales tenjan; ypara saber, como contauan los
73 2440 2241 2576 tiempos: por las ruedas, y figuras aquj esscritas: se ponen reglas,
80 2541 978 2711 que son las in fra escxitas:
411 2687 1744 2892 Con futacion de lo arriba dicho,
76 2937 2252 3104 La esta dicho, que el calendario es cstincto desta cuenta, y notre
82 3045 2255 3196 ne nada que ver conella el calendario, tracta de los meses de to
79 3141 2227 3303 do el año, y de los dias de todo el año, y de las semanas de todo el
62 3257 2257 3411 año, y de las fusras fixas de todo el año, sabian le todos los satra
