2478 3978
343 10 874 189 de la fiesta,
67 221 1108 358 lante del lugar, que se llamaua
82 307 1064 430 tzompantli, que era donde es
73 383 1102 495 pectauan las cabeças, de los que
85 471 1081 580 sacrificauan. Estando assi or
84 522 1073 638 de nados, luego començauan, v
87 592 1061 725 no de los satrapas aqujtarlos
80 689 1085 814 vnas vanderillas de papel, que
78 781 1142 902 llamauan enlas manos: las qua
74 841 1115 998 les eran señal, de que yuan sen
71 941 1098 1048 tenciados a muerte: qujtauā,
72 1039 1096 1137 les tambien, los otros papeles,
76 1125 1083 1249 conque yuan adereçados, y al
74 1195 1089 1344 guna manta, si lleuauan cubi
75 1290 1106 1421 erta: y todo esto ponjañlo en el
62 1360 1122 1515 fuego, paraque se quemasse en
78 1468 1112 1592 vn pilon, hecho de piedras, que
60 1538 1096 1689 llamauan quauhxicalli: todo,
55 1616 1132 1767 yuan por esta orden, desnudan
69 1713 1115 1857 dolos, y echando enel fuego, sus
81 1809 1112 1949 ataujos: porque no tenjan mas
72 1904 1100 2049 necessidad, de vestiduras, nj o
82 1994 1172 2148 tra cosa, como qujen luego auja
91 2062 1109 2213 de morir: estando assi, todos
78 2163 1144 2311 desnudos, esperando la muerte:
88 2255 1134 2409 denja vn satrapa, aderecado con
86 2330 1120 2484 sus ornamentos, y traya enlos
78 2429 1112 2579 braços al estatua, del dios que
69 2508 1118 2675 llamauan paynal: Tambien a
76 2612 1121 2745 dornada, con sus ataujos: llega
78 2707 1133 2839 do aquel satrapa, con su esta
62 2793 1141 2917 tua, que tenja en los braços: su
63 2888 1112 3028 bia iuego al çu, donde aujan
68 2944 1160 3127 de mgrirlos captiuos: y llegaua
63 3051 1130 3212 altugar, donde los auja de ma
60 3146 1145 3308 taF, que se llama tlacacouhca:
62 3253 1143 3386 llegado alli, luego tornaua ades
70 3318 1146 3482 cendir, y passaua delante, de tr
70 3435 1129 3571 dos los captiuos: y tornaua o
75 3530 1132 3648 tra vez asubir, como primero
55 3584 1139 3719 Los senores de los captiuos; esta
64 3681 1159 3790 uan tambien ordenados, en ren
1342 31 1914 176 xocollvetzi.
2190 74 2437 230 fo64.
1184 219 2310 349 in impan, yoan in in tilmatzitzi,
1182 333 2289 476 vncan centlatla, ca ieic cen cōca
1172 439 2307 584 oazque in tlalticpactli, çaçan
1174 535 2302 707 ie vncā tecpantimanj, qujchix
1190 672 2304 831 timanj in immjqujjz, ca nel ie
1185 802 2301 938 otla immatic: auh vnca quj
1186 915 2350 1064 chixtimanj in paonal, mjxip
1184 1021 2284 1180 tla vitzilobuchtli. Auh mj
1183 1151 2327 1318 quac oacico. Parnal: njman
1188 1264 2347 1416 ieretleco intlacacouhcan, in vn
1184 1375 2371 1518 çan tlacotizque, mamaltzitzm
1190 1500 2364 1641 ti: auh in ie iuhquj, can tequjtl
1181 1608 2349 1757 onaci in fainal, njmā ieieoal
1187 1708 2317 1857 tenro: can cetlacatl in qujoal
1188 1845 2315 1955 temovia, qujeiacavitivitz: i
1211 1945 2357 2088 i qujoaltemovia, moteneoa:
1183 2036 2316 2200 sta, anoço tacti. Auh mo oal te
1190 2160 2340 2306 moc, mipxepan oalqujça, imjx
1193 2284 2344 2429 tlan oalqujça in mamalti: ie
1196 2409 2371 2551 no ceppa tleçotivetzzi in cainal.
1208 2529 2381 2648 Auh in tlamanj, catqujcac, quj
1211 2629 2374 2790 ctixticac: njmā ie ic pac cona
1206 2723 2324 2891 na in tlamanj, amatica in cō
1205 2868 2369 3019 tzitzquja, mjquatecolloco: njmo
1199 2966 2343 3127 ie ic qujvicatiuh; mocaxitito
1206 3084 2343 3241 mapetlac, vncaqujcaoa in
1206 3187 2349 3356 malli: njma ieic oaltemo, i
1194 3317 2360 3428 teclepan tlazque, qujgalana:
1204 3406 2351 3577 cchtzpa, qujxitauhtemja, ça
1205 3509 2346 3667 tepanqujmallpia, icampa
1218 3628 2330 3798 quj viviqujlia, mjma, yoan
