2626 4086
431 81 1000 261 de la arte
44 283 1179 438 ponjan los ordenadamente,
48 386 1173 531 en el patio, de su yglesia: que
33 482 1245 609 se llama calpulco, sobre vna mā
43 583 1208 707 ta rica, y quemauan en cien
38 647 1245 825 so, y ofrecian sangre de codor
37 794 1226 939 njces, dezian: que lo hazian
55 903 1222 1025 a honrra deste signo: como
55 1003 1213 1118 si calentassen, todo lo suso
53 1067 1168 1221 dicho, al sol. I despues de
53 1195 1197 1343 auex hecho sus deuociones: cō
55 1279 1225 1426 mencauan a comer, y beuer:
52 1386 1211 1523 todos los mercaderes, y com
63 1504 1211 1639 bidados, y dauan les acada
60 1589 1210 1735 vno las cañas de humo, y pa
171 1705 362 1769 , como
69 1701 1228 1807 recia njebla el humo que a
60 1792 1251 1959 uja, y flores. Xala noche iun
55 1910 1220 2019 tauan se los mexcaderes, vie
54 2008 1250 2127 jos, y viajas, y emorrachauan
62 2113 1224 2252 sa: y alli cadavno, se iactauā
63 2216 1252 2360 deloque auja ganado: y de las
61 2339 1208 2467 tiexras, que aujan andado,
65 2447 1226 2563 y de las partes remotas, aque
67 2512 1186 2655 aujan llegado: y por donde a
72 2606 1197 2747 ujan discorrido: y delos peli
69 2706 1227 2837 gros, en que se aujan visto
80 2803 1235 2932 an las tierras de los enemj
77 2903 1240 3039 gos. Con estos cuentos: afrē
77 3027 1236 3128 tauan a otros: que no aujan
70 3116 1231 3252 ydo a lexas tierras, y dezian
76 3235 1248 3384 los: que siempre aujan esta
82 3336 1280 3475 dotras el huego: y que no sa
68 3425 1270 3580 bian otros merçados, sino en
75 3532 1231 3687 el tianquez que esta cabe su
82 3645 1222 3780 casa. Enesto gastauan, to
85 3726 1239 3924 da la noche parlando, y bo
1405 75 2606 271 adicujnatoria. fo30.
1296 276 2504 408 quetzaliacatl, i çantepitoton, inchil
1286 380 2482 497 ehotic, ioan in tzinjtzcan, in teoque
1285 479 2549 599 chol, i axcan mjtoa tlauhquechol,
1282 566 2520 713 ioan in xiutitototl in aiopal, intoz
1297 667 2534 805 tli i tozcujcujl, in caquan, in cocho
1285 781 2474 932 ivitl, in chamolin, in cujtlatexotli,
1286 906 2475 1040 meoçoth, in xiuhapalli. Etet yoan
1287 995 2466 1165 in tequaneoatl, in tequanpetlatl;
1302 1146 2505 1241 auh in aquaujtl, matzaccacotl: mie
1299 1215 2526 1381 mochi i tlatquj intemtoc, in teucali
1306 1358 2522 1493 tlaçotilmapan qujcentecaia, qujcue
1319 1439 2507 1586 cuentiliaia, qujtlatlamantiliaia, quj
1311 1591 2525 1709 viujpanaua, qujtetecpanaia, vn can
1310 1687 2483 1813 tlenamaçaia, tlacotonaua, iehoatl
1310 1794 2491 1957 mjcmjtoa: tlatotonja, auh in jquac
1311 1899 2503 2040 otlatotonjque, m otlenamaçaque, ce
1309 2021 2495 2173 mjlhujtl, catepan tlatlaqualo, aatli
1312 2134 2506 2284 oa, mopixtoque, mpochteca veuet
1310 2249 2444 2399 que, nepielotoc, tlachichinalotoc,
1319 2359 2471 2517 tlanecutoc, tlaaujaxtoc, puetleoa
1307 2487 2559 2644 toc, puetl maintoc, tlaqualli qujqujz
1312 2616 2560 2735 toc, atlemonectoc, iehoatl ijc mjtoa,
1329 2712 2590 2861 ca tlatomaltia, tlatotonja, mpuchteca.
1312 2838 2487 2977 Auh moiooac tlatlaoano, mocecen
1301 2941 2491 3076 tlalia m puchteca veuetque, mpuch
1313 3053 2451 3182 teca ilamatque, in tlaotlaiujntic
1316 3164 2518 3287 vncan qujmopopoaltia, qujmeeoal
1315 3282 2486 3399 tia, ic mjxmotlatoque, Jn innecujl
1314 3376 2495 3521 tonol, yn intlacecoliz, ynj moqujch
1325 3502 2483 3614 tiliz, oc cenca iehocul: in çanjn icac
1321 3594 2477 3749 imjcxi, qujtoznequj, incanjn aciti
1320 3724 2486 3839 nemj, in quexqujch in conmati, in
1314 3838 2482 3948 quexqujch imjloch, mnecuepal, cē
