2692 4140
285 56 907 249 Capitulo. 21.
105 253 1253 382 cho, aquellas ymagines, entrauanse lue
102 366 1280 494 go donde estauan sus combidados, esta
111 445 1237 560 uan conellos, todo aquel dia: y ala tar
97 521 1267 653 de de par de noche, beujan todos los bie
103 642 1252 737 jos, y viejas, vino, que se llama pulcre
102 731 1280 831 o vetli: porque estos tenjan licencia, de
109 827 1292 936 beuer este vino. Y despues que ya esta
109 915 1275 1012 uan, medio borrachos, odel todo, se yuā
109 984 1277 1130 para sus casas: vnos dellos, yuan llorā
105 1089 1244 1222 dootros yuan haziendo fieros, como
94 1174 1282 1309 valientes, y baylando, y pompeandose.
102 1289 1273 1403 otros yuan reñjendo, vnos con otros. los
113 1371 1269 1514 que hazian esta fiesta, conbidavan, y a
118 1457 1249 1590 percebian para ella, alos taberneros, q̄
107 1560 1280 1696 hazian el pulcre: y exortauanlos, para
122 1668 1249 1797 que hiziessen, buen vino: y los taber
126 1766 1242 1875 neros, procurauan de hazer bien su
133 1840 1255 1967 vino. Y para esto se abstenjan, qua
124 1972 1286 2083 tro dias, de llegar a muger ninguna: por
124 2047 1249 2165 que tenjan, que si llegassen a muger,
127 2117 1282 2243 en aquellos dias: el vino que hiziessen,
123 2195 1273 2342 se auja de azedar, y estragar. Abste
138 2315 1239 2450 njanse ansimismo, aquellos dias, de
120 2393 1265 2539 beuer el pulcre: nj la mjel deque se ha
133 2491 1261 2625 ze, nj aun mojando, el dedo enella, lo
125 2585 1289 2734 llegaua ala boca, hasta entanto, que el
134 2678 1282 2812 quarto dia, se encetase, con la cerimo
132 2763 1258 2893 nja, que arriba se dixo. Tenjan por
138 2865 1259 3017 aguero, que si alguno, beuja el vino
129 2981 1293 3114 aunque fuesse muy poco, antes que se
126 3068 1280 3201 hiziesse, la cerimonja, del abrimien
138 3157 1304 3278 to, de las tinajas, como arriba se dixo:
147 3264 1296 3391 que le auja de torcer la boca, azia vn
130 3353 1289 3494 lado, en pena de su pecado. Dezian
132 3451 1261 3586 tambien, que si alguno, se le secaua
139 3539 1251 3661 la mano, o el pie: o temblaua, o se le
145 3616 1250 3725 acucharraua, la mano, o el pie, o le
133 3703 1255 3824 temblaua la cara, o le temblaua la
133 3791 1279 3889 boca, o los labios: o si entraua enel, al
1421 46 2220 249 delos tlaloquez.
2372 141 2647 258 fo. 22.
1366 247 2563 388 niman ie ic tlaoana, motlaoanca
1361 374 2558 527 tlalia in veuetlaca, yn ie chicaoa
1359 513 2549 654 ueyn otlachicalhujque, in
1354 631 2602 824 ie quaiztaque, in ie tzoniztaque,
1381 742 2530 935 yoan ilamatlaca, yn jlamat
1380 902 2553 1077 que: iehoan vel innemac cat
1377 1003 2584 1151 ca, in vctli in quizque. Auh in
1369 1129 2534 1321 otlaivintic, niman ie ic viuj
1381 1301 2556 1419 loa, cecenmanoia, xixitinjoa:
1366 1406 2575 1595 yn aca mochoqujlitiuh, yn aca
1366 1555 2569 1712 moqujchitotiuh, mjtotitiuh, mo
1363 1676 2513 1853 mamantiuh: yn aca tetzatzi
1366 1811 2536 1956 litiuh. Auh in vctlali, achto
1367 1953 2543 2080 molcaoaltiloia: çan no onnen
1362 2080 2541 2228 yn itequjuh, yn jchiujl: tla
1382 2185 2558 2350 caqujtiloia, navilhujtl mocaoa
1366 2304 2580 2474 ia, qujneçaujliaia yn itequjuh
1367 2428 2585 2622 ynic amo xocoiaz: vel mopiaia,
1378 2595 2554 2742 vel motlacaoaltiaia, amo cioaco
1365 2706 2545 2924 chia, amo oqujchcochia, intla
1372 2840 2509 3073 cioatl: çan niman aiac vel
1379 3017 2524 3185 ontlapaloaia yn vctli, yoan
1374 3154 2570 3350 in necutli, ynic muchioaia: aiac
1372 3299 2559 3461 inmanel imapil, conaqujaia, vel
1385 3430 2555 3626 ymacaxoa, vel malhujloia, yn
1869 3622 2513 3767 moiacaxapotlaz,
1356 3643 1806 3786 ixqujchica:
1353 3756 2467 3892 yn vctli. Auh yn aqujn,
