2688 4192
1123 34 1547 236 Apendiiz
39 231 1215 374 beuer: si beujan dos hermanos
1354 241 2546 402 ie achi no iuhquj in jtlatlatollo in
36 350 1271 493 gi el menor beuja primexo, deziale:
1335 362 2574 494 tecueneholhujliztli. Auh ivin in
46 448 1239 607 el mayor: no beuas primero, que
1339 472 2540 609 ca itlatlatollo: in jquac tlaie atli,
42 601 1234 726 yo: porque si beues primero: no
1346 575 2524 725 in tleie aichto atli ocpiltontli: a
51 673 1262 823 creceras: mas quedar te as, como
1350 686 2513 829 uh in tlacatepan atli in ie achi
1337 793 2594 917 tachcauh, in iequauhtic: njman
48 817 464 929 estas aoora.
1358 886 2508 1052 qujtlacaoaltia, qujcujlia in atl
1353 996 2523 1158 in piltontli, qujlhuja: tleipam
437 1049 547 1168 ca
1335 1130 2520 1271 pa in achto tatliznequj, amo
1333 1221 2534 1358 tiquauhtiez, canye tixqujchton
1329 1330 2529 1454 tioz: ma oc ie conj in motiachca
108 1364 395 1578 Puil.
1340 1435 2330 1597 uh, achic ca iequauhtic
1381 1579 2602 1762 Jnic chicome capitulo, ytech
51 1616 1213 1776 Capituio septimo, de co
1392 1707 2588 1868 pa tlatoa: in aqujn xocco ontla
44 1730 888 1885 mjendo en la olla.
1378 1840 1644 1993 pald.
46 1919 1208 2097 Otra abusion tenjan; si alguno
1319 1915 2537 2127 Injtechpa in: no vncatca inne
46 2051 1202 2178 comja en la olla, haziendo so
1348 2054 2573 2235 tlapololtiliz, in njcan tlaca: oc cen
35 2142 1173 2297 pas en ella, o tomando della
1346 2172 2520 2321 ca intechpa mocaquj in toqujch
43 2256 1210 2410 la maçamorra, con la mano,
1335 2266 2538 2430 tin. Auh ivin in mocaquj: inj
1347 2375 2535 2547 quac intlatlaqua toqujchti: auh
43 2371 1233 2518 dezian le sus padres: si otra vez
1344 2482 2555 2622 çan xocco, in ontlapalotica, amo
49 2483 1215 2636 hazes esto nunca seras ven
1334 2598 2540 2724 molcaxic: njman no qujtlacaoal
46 2587 1210 2765 turoso en la guerra, nunca
1329 2695 2569 2824 tia intenanoan, intetaoan, qujlh
51 2720 878 2910 captiuaras a nadie,
1333 2798 2517 2944 via: macamo xocco xontlatla
1337 2915 2562 3058 palo, vncan tiqujmoncaoa in mo
1321 3025 2518 3161 malhoan: in tlatiaz iavc, aiac ti
1335 3130 2448 3265 caciz, aiac momal muchioaz.
1328 3260 2507 3457 Jnjc chicuei capitulo, ytech
54 3287 1246 3470 Capitulo octauo, de tamal,
1330 3343 2636 3568 pa tlatoa in jxqujuhquj tamalli.
45 3415 517 3576 mal cozido
1308 3615 2548 3775 Injtechpa in jxqujuhquj tamalli:
34 3638 1224 3777 Otra abusion tenjan: quando se
1345 3725 2508 3853 ocno centlamantli in neztlacavi
41 3739 1238 3871 cuezen los tamales, enla olla: al
1333 3824 2474 3978 liz in njcantlaca, qujlmach
33 3860 1238 4004 gunos se pongan ala olla, como la
