2598 3988
1079 13 1467 181 eAtpendiz.
2280 38 2537 184 fo. 40.
1306 188 2444 303 tlamantli tlavelilocaiutl, qujchioaia.
89 176 1226 348 aeste por dios, y le hazian fiesta cada
1305 279 2460 411 ocel intlaveliltic, yn juhqujchiuhtia
82 304 1199 440 año: y asu honrra, matauan escla
1304 384 2494 555 quehi; ocentzompa yn tla veliltic intla
94 398 1211 546 uos, y hazian otras ofertas, y cerimo
1305 495 2465 612 cequjnti noma qujlnamiquj, ca dia
85 503 1190 654 njas ensu fiesta: El saçerdote deste
1284 588 2152 731 blo qujnvicaz ynjmanjma.
97 626 1192 767 dios, que ellos llamavan ixiptla, que
93 727 1216 883 qujere dezir su ymagen: acostumbra
103 831 1208 976 va, andar por las casas, con vna xica
90 949 1244 1102 ra con agua enla vna mano, y vn ra
91 1051 1218 1197 mo de salze, en la otra, y rociaua,
106 1161 1218 1310 con el ramo las casas y personas, bien
103 1260 1230 1425 como qujen echa agua bendita, y to
1311 1350 2453 1507 G. Ocnoce diablo, qujmoteutitiaque
109 1347 1242 1523 dos la recibian, con gran deuocion G.
1313 1461 2504 1576 in veuetque, yn jtoca catca tezcatzoncatl:
106 1470 1230 1626 Otro diablo, adoraron vrōs antepa
1312 1548 2478 1688 qujl qujchiuh yn vctli, qujl itlanextil,
90 1586 1245 1724 ssados, el qual tenja tenia debaxo, de
1300 1654 2453 1768 oc nomjequjnti, ynjcnioan, yn jtlaca
106 1670 1216 1825 su obediencia: otros muchos diablos
1294 1714 2477 1871 teculopoa: çan no iehoatl yn vctli yn
88 1810 1241 1930 llamaronle tezcatzoncatl: llamaronle
1309 1811 2453 1990 in tequjuh catca. Ca muchinti neteu
109 1898 1220 2057 tezcatzoncatl: Dezian, que era el dios
1295 1919 2468 2072 tiloia, ilhujqujstililoia, tlaiecultiloia,
109 2006 1227 2173 del pulcre. hazianle fiesta, mu
1305 2014 2474 2203 ypampa yn jntlavelilocaio, ynjc tete
111 2130 1240 2271 chas vezes cada año, en especial, los
1295 2121 2475 2298 pexiujaia, tequechmecanjaia, temjcti
105 2230 1236 2401 que hazian el vino, que se llaman
1310 2227 2471 2394 aia: oc cenca iehoanti yn tla chicque,
1317 2348 2493 2486 mjectlamantli, qujchioaia ynjc qujn
100 2335 1203 2508 tlachicque: todos hombres y muge
1314 2444 2451 2620 tlaiecultiaia. O in tlaueliltic, ynjuh
94 2438 1212 2589 res, moços y moças, njños y njñas,
1321 2548 2492 2707 qujchiuhtinenca, oc cenca ointlavelil
87 2533 1252 2694 en especial viejos y viejas, eran muy
1308 2654 2492 2810 tic, intla cequjntin noma iuh qujchi
106 2645 1253 2783 sus deuotos, hazian asu honrra, mjl
1305 2750 2489 2901 uhtinemj, yn anoço qujlnamjctine
107 2754 1243 2942 fiestas, y regozijos: eran subditos des
1321 2861 2495 3046 mj: ca diablo qujnvicaz yn jmanjma,
82 2900 1214 3052 te, o companeros, los diablos, que
97 3010 1254 3161 llamavan, quatrocientos conejos, Yia
1357 3030 1446 3180 P
87 3119 1263 3231 uhtencatl, aculhoa, tliloa, patecatl, iz
105 3230 1260 3370 qujtecatl, toltecatl, papaztac, tlalte
2131 3351 2266 3472 frc
88 3326 1247 3484 caioa, vme tochtli, tepuztecatl, chi
88 3419 1239 3565 malpanecatl, colhoatzincatl: hasta oy
88 3524 1261 3670 duran estos diabolicos nombres, entre
99 3618 1258 3785 los principales. A. Otro desatino ma
1333 3655 2475 3832 A. Oc o centlemanmtle tetepotilatiaili,
