1852 2736
139 -2 560 111 Capitulo. 15.
81 123 934 224 mjdo, y beujdo, en amaneciendo al que era
388 192 450 237 dios
72 195 912 276 la ymagen deste, punçavanle, en la barri
73 247 910 333 ga: como con alfileres, o con cosa semejā
78 301 891 391 te, y lastimauanle: hecho esto, repar
69 356 901 453 tian aquella figura de huesso, que aujā
78 428 898 513 hecho, de massa, que se llama tzoalli: y
78 496 877 582 diujdianla entre si: y comja cada vno,
71 543 879 628 lo que le cabia. Y todos estos, que aquj,
79 612 907 682 comulgauan, se tenjan por dicho, y en
81 670 903 743 tendido: que el año que venja, enesta fies
90 715 917 797 ta, aujan de contribuyr: para hazer la
96 780 897 874 fiesta, deste dios: proueyendo todo, lo
90 828 925 939 necessarjo, que se auja de gastar en ella.
81 902 917 999 La ymagen deste dios, era como vn hom
84 970 915 1061 bre, que esta assentado sobre vn haz,
92 1023 908 1109 de juncias. Tenja la cara manchada,
85 1088 904 1180 de negro, y blanco. Tenja vna corona,
93 1150 901 1242 de papel, apretada ala frente: con
75 1196 921 1301 vna venda larga, y ancha, de diuersas
94 1273 926 1350 colores: la qual estaua, añudada, azia
87 1345 901 1424 el colodrillo, con vna laçada, que pare
92 1396 923 1480 cian borlas: tenja rebuelta, ala corona,
97 1452 916 1542 vnas cuentas, de chalchiujtes. Tenja, pu
90 1515 918 1608 esta vna manta, amanera de red, cō
91 1576 924 1662 que estaua, cubierto: la qual tenja, vna
88 1642 920 1719 franja ancha, donde estauan sembra
106 1692 918 1758 das, vnas flores: texidas enla mjsma
100 1743 896 1823 franja. Tenja vna rodela, junto
99 1798 934 1887 assi: de la qual colgauan, vnas borlas
98 1851 922 1943 anchas: por la parte abaxo. Tenja en
98 1913 918 1993 la mano derecha, un cetro: donde esta
95 1991 937 2058 ua, vna medalla redonda, agujerada,
96 2032 913 2112 amanera de claraboya: estaua assen
96 2085 904 2168 tada de canto, sobre vna impugnado
109 2140 901 2226 ra redonda: y en lo alto tenja, un cha
93 2194 909 2279 pitel piramjdal. A este cetro, llama
108 2257 928 2336 van tlachielonj, que qujere dezir mira
99 2301 900 2365 dero: porq̄ encubria la cara, conla me
106 2357 858 2449 dalla y mjraua por la claraboya.
110 2412 918 2525 Capitulo deziseys, enque se tra
100 2495 883 2592 ta, del dios llamado, ixtlilton:
98 2573 902 2652 que qujere dezir, el negrillo: ytam
114 2619 800 2709 bien se llama, tlaltetecujn.
987 6 1355 118 cie omacatl.
1617 13 1801 120 fo. 14.
977 142 1768 241 y naiamo nemamaco, oc ach
971 207 1759 322 topa tlatlaqualo, atlioa, tla
962 310 1736 417 oano: auh yn otlathujc, conj
963 398 1739 518 titzopinja, yn omacatl conmjc
961 478 1733 594 tia: njman ic nemamaco, ne
967 585 1724 700 tlatlapanjlo, nexexelhujlo,
964 646 1754 777 in teumjmjlli: iquac quaqua
958 747 1749 871 lo, iuhqujn ic tetzoiotiloia, te
965 844 1761 989 tlacaqujtilo, tetlalhujlo, temol
974 939 1745 1063 caoaltilo: ca yn aquique maco
975 1046 1774 1163 ia, yn iquac ie ilhujuhqujçaz,
961 1111 1738 1261 mocujtlaxcolixtlaoaia, mopo
973 1212 1754 1346 pooaia, ypampa ca ontlaxtla
960 1282 1754 1430 oaia. Jn inechichioal catca: ih
974 1382 1757 1496 vitzoncale, quauhtzoncale, yoa
970 1447 1750 1596 yquauhquentenchil, naoaio,
992 1544 1765 1671 ycuechin, ielpancozquj cyli, tez
968 1629 1761 1767 catlatlapanquj yn jxaiac: ynj
956 1730 1751 1867 nechichioal, ytiçanacoch, yti
969 1827 1755 1940 cachimal, amapaio, ytlachi
969 1931 1765 2056 aia ymac catca, ytolicpal, acac
962 2035 1135 2143 palliē
1391 2203 1446 2278 :O
971 2263 1775 2398 Jnic castolli vce capitulo
981 2369 1751 2486 ytechpa tlatoa, in teutl ynj
966 2458 1773 2560 toca, catca, ixtlilton, tlaltete
966 2557 1112 2640 cujn.
