1902 2622
140 79 1207 173 Capitulo veynte y siete, de los bruxos. ibidem.
143 115 1703 243 Capitulo veynte y ocho, de la comjda del raton, que sobrae. ibidem
134 217 1288 321 Capitulo veynte y nueue, de vñas. ibidem
140 297 1188 383 Capitulo treynta, del esternudo. ibidem
149 349 1460 456 Capitulo treynta y vno, de los njños o njñas. fol. 22.
148 402 1649 523 Capitulo treynta y dos, de las cañas verdes, del mahiz. ibidem.
145 489 1647 593 Capitulo treynta y tres, del respendar, de los maderos. ibidem
139 564 1306 672 Capitulo treynta y quatro, del metlatl. ibidem.
135 652 1774 766 Capitulo treynta y cinco, de la casa nueua: por qujen sacaua fuego
139 699 560 791 nueuo. ibidem.
140 726 1489 881 Capitulo treynta y seys, del baño, o temazcalli. ibidem.
135 840 1765 967 Capitulo treynta y siete, de quando los muchachos, mudan losi
138 899 545 974 entes. ibidem.
606 971 1005 1143 Al lector
136 1174 1767 1302 Para la intelligencia de las figuras o ymagines que estan aquj ade
149 1272 1737 1378 lante: notara el prudente lector, que son las ymagines de los dioses, de
158 1351 1741 1440 que se trata en este primero libro: los quales adorauan estos naturales
161 1407 1731 1499 desta nueua españa, en tiempo de su ydolatria: cada vna tiene su
157 1470 1737 1551 nombre escrito iunto a la cabeça, y el capitulo, y numero de hojas
159 1548 1613 1651 donde se trata del mjsmo dios, o ydolo: esta iunto a los pies.
