2728 4152
276 17 859 208 de la fiesta
97 211 1247 353 to, tocaua acada vna de las bolillas, y
98 302 1235 401 entocando hazia vn ademan, como
96 394 1241 511 retrayendo la mano, y daua vna
99 467 1259 603 buelta, y luego yua atocar ala otra
66 553 1253 683 y hazia lo mjsmo, assi tocaua atodas
95 644 1241 769 quatro, con sus boltezuellas. hecho es
99 731 1254 841 to, sembraua encienso, sobre las este
84 818 1205 947 ras, de aquello que llaman yiauh
82 891 1213 1006 tli: sembrado el encienso, dauanle
90 995 1247 1124 luego la tabla de las sonajas, y comē
79 1109 1211 1214 çaua ahazer sonjdo conella meneā
101 1174 1219 1305 dola, paraque sonassen los palillos,
91 1256 1221 1382 que en medio ectauan, en corporados
96 1375 1230 1485 oatados. Vecho esto, luego se comen
78 1458 1229 1571 cauan todos ayr, para sus casas, y mo
88 1553 1207 1658 nesterios: y alos castigados lleuauan
85 1612 1212 1744 asus casas: luego se descomponjan
90 1721 1214 1826 de los ornamentos, conque yuan cō
72 1819 1213 1933 puestos, y se sentauan. Y luego ala
84 1889 1199 2011 noche comencauan la fiesta, toca
84 1956 1224 2090 uan sus teponaztles, y sus caracoles,
65 2039 1176 2176 ylos otros instrumentos musicales,
87 2142 1230 2245 sobre el cu de tlaloc: y cantauan en
76 2223 1198 2352 los monasterios, y tocauan las so
96 2303 1209 2433 najas, que suelen traer en los arey
99 2389 1194 2518 tos de todos estos instrumentos, se
96 2467 1197 2614 hazia vna musica, muy festiua, y
86 2558 1190 2680 bazia velar, toda aquella noche, a
67 2632 1179 2768 los captiuos, que aujan de matar
72 2716 1177 2855 el dia sigujente, que los llaman y
62 2802 1175 2956 magines de los tlaloques: llegados
57 2879 1184 3040 ela media noche, que ellos llama
54 2991 1155 3096 uan, ioalli xeliuj: començauan
36 3050 1199 3198 luego, a matar alos captiuos, aque
40 3128 1178 3266 llos que primero matauan: dezian
32 3191 1185 3369 que erā el fundamento, de los que
48 3320 1201 3439 eran ymagen, de los tlaloques, que
30 3375 1198 3512 yuan adereçados, con los ornamen
45 3468 1164 3624 tos, de los mjsmos tlaloques: que
33 3551 1179 3713 dezian, que eran sus ymagines:
19 3639 1189 3788 Yassi ellos murian ala postre, yuan
24 3741 1160 3858 se asentar, sobre los que primero
38 3800 1171 3947 aujan muerto. Acabado de matar
1513 29 2276 212 Etzalqualiztli.
2453 83 2729 215 fo. 44.
1321 246 2556 403 iaoa in aztapili, yoan in quequex
1315 362 2509 500 qujc, yoan nopalli, yiauhtitlan
1321 462 2520 610 tlaaqujlli, tlayiauhujlli: njmā
1310 580 2489 714 ic contlalia in chalchiuhtelolotli
1306 680 2496 806 nauhtetl: auh yn ocontlali mec
1310 795 2461 960 conmaca quauh chicoltontli, tlate
1307 906 2478 1074 xoujlli, ic conujujtectiuh, cecen
1310 1009 2512 1168 tetl in chalchiuhtelolotli: yn jquac
1318 1115 2517 1288 qujmonujujtectiuh, oalmocuep
1305 1247 2479 1386 tiuh. Auh in ie iuhquj, njman
1308 1362 2479 1513 contepeoa yn jiauhtli: auh yn
1294 1494 2433 1630 ocontepeuh, njman conmaca
1311 1597 2473 1743 yn aiochicaoaztli, concacalatza,
1288 1716 2470 1865 conujujxoa, coniyiaoa. Auh y
1302 1854 2471 1990 ontzonquiz, njman ic viujlooa,
1290 1951 2452 2111 cecenmanoa, momoiaooa, xiti
1286 2062 2482 2203 nooa, viuj yn jncacalmecac: auh
1286 2199 2425 2331 yn tlamaztoton, can qujnujuj
1272 2290 2455 2446 ca yn inchachan. Auh ynonne
1281 2395 2424 2552 teçoto calmeçac, mec nexixitinj
1268 2508 2433 2664 lo, netlatlalilo: auh ynoniooac
1285 2616 2422 2766 njman ie icpeoa, in tlalhujma
1278 2735 2434 2851 manj, in teucalticpac tlalocan:
1282 2836 2398 2992 teponaçolo, tlapitzalo, iehoatl
1261 2964 2423 3111 in mopitza tecciztli, yoan aca
1252 3083 2400 3225 tecciztli: cujco, yn teponaztli,
1255 3195 2459 3351 mjmjlcatoc, nanalcatoc, iuhqujn
1269 3307 2442 3472 qujqujnacatoc, yoan aiacacho
1264 3458 2442 3591 lo: qujntoçauja in miquizque
1247 3559 2439 3709 yn imixiptlaoan tlaloque. Auh
1254 3667 2429 3835 yn oacic ioatnepantla, yn iquac
1238 3760 2464 3950 xeliuj ioalli: mecpeoa in micoa,
