1826 2572
29 1677 91 1747 o lv
315 -2 500 71 libro. 1
146 52 934 109 endos juntas. Tenja vn cetro, hecho amanera de
144 100 948 159 coraçon: que en lo alto, tenja vnos penachos ver
151 137 929 198 des: y de lo baxo, colgauan tambien, otros pe
143 173 632 250 nachos, verdes, y amarillos.
158 184 909 340 El capitulo quinze, habla del
169 285 921 384 dios, llamado omacatl: qujere
157 346 926 463 dezir, dos cañas: es el dios, de los
159 434 370 524 combites.
155 506 932 607 Este dios, de los combites, dezian: que tenja
162 573 929 666 domjnjo, y poder: sobre los combites, y combi
171 636 925 717 dados: que es quando los principales, hez
172 684 941 754 manos, combidauan atoda su parentela:
172 734 936 810 para darlos de comer, y mantas, y flores: y
159 781 933 881 que baylassen, y dançassen; y cantassen,
165 839 935 917 en su casa. Y quando este regozijo, se auja
154 884 943 978 de hazer: el que le hazia, lleuaua, la ymage,
164 939 938 1027 deste dios, a su casa: lleuauanla, algunos sa
166 989 926 1076 trapas, de los que serujan, en su templo. De
165 1050 927 1144 zian, que si no le hazian, aquella honrra,
171 1102 935 1205 que se le deuja hazer, enojauase: y apare
166 1154 949 1241 cia en sueños, al dueño del combite, y repre
157 1208 954 1289 hendiale, y reñjale: diziendo desta manera.
175 1253 939 1372 Tu mal hombre, porque no me has honrra
164 1315 920 1406 do, como conuenja: yo te dexare, yo me a
155 1383 942 1483 partare de ti: y tu me pagaras, muy bien,
165 1420 928 1507 la injuria, que has hecho. Y si mucho
164 1476 946 1563 se enojaua, mostraua su enojo: enque en
167 1518 935 1625 tre la comjda, y beujda, mezclaua: pelos,
169 1582 942 1669 o cabellos, para dar pena, alos combidados,
171 1629 921 1735 y deshonrra, al señor del combite. Y estos,
171 1693 940 1797 quando comulgauan, en la fiesta deste di,
171 1740 935 1851 os: emfermavan muchas vezes. Y quan
172 1801 944 1896 do comjan, o beujan, añuzcauanse, con
166 1854 944 1939 la comjda, obeujda: que no la podian tra
167 1898 960 2025 gar. Y yenda, y andando, tropecauā
168 1960 933 2080 y cayan, muchas vezes. Y quando hazi
174 2012 932 2107 an fiesta, aeste dios, que era de noche,
175 2070 931 2174 comulgauan con su cuerpo: y para esta
175 2121 928 2217 comunjon, los principales, y teupisques
165 2185 932 2304 y los que tenjan cargo, de los barrjos: ha
169 2241 927 2339 zian de massa, vna figura de vn hue
170 2294 916 2413 sso, gruesso, redondo, y largo: como
188 2353 947 2441 vn cobdo: y llamauanle, el huesso deste
187 2404 931 2486 dios. Y antes que comulgassen, comjan
173 2459 922 2560 y beujan pulcre: despues de auer co
1117 24 1494 148 de los dioses.
997 176 1728 276 oaia, yn jnnecentlaliliz, ynjn
993 251 1754 356 necenqujxtiliz teoaiolque, techā
997 320 1777 417 vicoia, vmpa mauizmachoia, ne
987 388 1752 512 cujtlaujloia yn jxiptla. Auh no
993 464 1727 610 qujtooaia, yn tlacamo mavizti
997 559 1728 674 lilo, yn juhqujma cooanotzalo
988 653 1749 760 tlavelcuja: tecochpa, anoço te
1002 732 1781 861 cochizpan teaoaia, qujlhujaia,
998 814 1799 957 yn aqujn qujtemiquj. Jn tehoatl
1000 912 1777 1040 tleyca yn amo tinechmavizma
1002 1003 1763 1126 ti; njmitztlalcahuiz: auh ie ne
997 1081 1765 1215 njcmati, in tlein mopan njcchi
1007 1181 1741 1316 oaz. Auh intla cenca moçu
989 1268 1738 1384 ma, yn jquac tlaqualo, mjec
994 1339 1742 1483 pa tzontli qujtetololtia: in atl,
997 1428 1748 1552 in tlaqualli ipan. Auh yn aquj
998 1517 1779 1643 yn mjtoa teuqua, miecpa moco
1002 1590 1719 1724 coa: ynjc qujtolinja, melcima,
988 1682 1727 1812 ycopac mjlacatzoa in atl: mel
999 1778 1750 1891 tepotlamja in jquac tlaqua: auh
1010 1844 1704 1972 yntla nenemj, motepotlamja,
998 1928 1764 2048 motecujnja, motlavitequj. Auh
990 2015 1766 2139 ynjc ilhujqujxtililoia: yn aqujn
1000 2102 1725 2210 teuqua, achtopa qujchioaia,
993 2185 1751 2285 teumjmilli, yiomjio in teutl cat
1002 2266 1752 2371 ca: çan tlacatl, teupixquj cal
1002 2333 1778 2451 pole, cen molicpitl ynjc hujviiac,
1007 2404 1730 2499 vel totomaoac, mjmjltic. Auh
