2470 4034
480 45 1065 222 Libro. 2.
78 231 1253 384 lleuauan ala muger, que auja
74 330 1257 482 de morir a la casa, donde la guar
74 426 1266 564 dauan. Esta muger llamauan to
88 524 1274 671 ci, que qujere dezir: nuestra abu
85 615 1256 761 ela: llaman assi, ala madre delos,
94 747 1246 869 dioses, acuya honrra ella auja de
86 829 1259 953 morir. Esta escaramuca, hazian
83 926 1251 1071 por espacio, de quatro dias conti
96 1015 1284 1172 nuos: los quales passados, sacauā
91 1126 1233 1286 aquella muger, apascarse por
84 1234 1275 1394 el tianquez, yuan conella todas
77 1331 1216 1471 las medicas, acompañandola,
81 1446 1256 1599 por el tianquez: aeste passeo lla
93 1549 1219 1680 mauan acozeamjento del tian
92 1663 1253 1818 quez, porque nunca mas auja
87 1751 1243 1882 de boluer ael: saliendo del tian
76 1837 1240 2019 quez, rescebian la luego los satra
73 1931 1224 2102 pas, de la diosa llamada chico
87 2045 1234 2196 me coatl, y rodeauanse della: y
87 2129 1241 2290 ella sembraua harina de mahiz,
80 2257 1246 2402 por donde yua, como despidien
92 2340 1240 2501 dose del tianquez: y luego aque
92 2475 1256 2591 llos satrapas, lleuauanla alaca
78 2575 1248 2705 sa, donde la guardauan, que
83 2658 1248 2814 era cerca del cu, donde la aujan
75 2766 1217 2908 de matar: alli la consolauan,
76 2840 1221 3028 las medicas, y parteras: y la de
90 2955 1226 3108 zian. Nija, no os entristezcays,
81 3050 1223 3228 que esta noche, ha de dormjr
80 3151 1192 3295 convos el rey alegraos: no la
85 3254 1235 3395 dauan aentender, que la auja
86 3376 1216 3530 de matar: porque su muerte
97 3429 1233 3636 auja de ser supita, sinque ella
88 3550 1244 3713 lo supiesse: y luego la atauja
93 3666 1220 3796 uan, con los ornamentos, de a
94 3769 1196 3928 quella diosa, que llaman toci:
1451 69 2317 217 dle las cerimonjas
1338 236 2392 421 qujntica, qujntepachoti
1340 384 2407 527 vi: mjc qujn tepachoa, pa
1345 516 2405 653 xachtli ica, tlaolollalilli,
1341 619 2424 783 tlaoolollalili, yvan tolto
1340 721 2446 906 paiolli, yoan nupalli, yoda
1333 861 2409 1018 cempoal zuchicl: yoā mi
1340 984 2432 1126 chin tin mjāiaeteco ic moā
1341 1111 2435 1262 cuj tlalpia: enocuele qujti
1336 1223 2422 1381 teputztia, qujntepachotl
1335 1339 2434 1487 vi, amo vecaoa çan quezqu,
1326 1460 2435 1607 pa, in ommototoca. Auhtl
1337 1584 2420 1729 ie iuhquj, njmā ic qujvica
1325 1689 2434 1842 i toci, i vmpa pielo: in in
1332 1802 2420 1970 nasvilhujtl i qujchioaia
1338 1919 2434 2070 m mj icali: aun motzonquj,
1327 2039 2437 2189 in conecali, navilhujel : njna
1330 2143 2435 2289 mmuztlaioc in qujoalicça ita
1320 2273 2401 2413 anqujz, ie teutlac: mjc oal
1333 2381 2412 2521 qujca cololhujtivitze intia
1326 2497 2420 2628 ai: aech in ieiativilz, njsi
1327 2614 2400 2771 ic qujoainamjquj in chich
1320 2738 2393 2860 comeeoa: auh m oqujoay
1323 2837 2418 2984 namjcque, njmaic oallaio
1312 2940 2423 3095 oaloa: auh in ontlaiaoalo:
1324 3050 2435 3207 vncā vmmoquetza, in tlalo
1305 3157 2424 3312 pantla: njmā vncā contec
1321 3288 2411 3438 peoa, tlaoltextli: njmāie
1329 3399 2413 3569 conjeça mj tianqujz, caito
1326 3527 2412 3684 pa, ça ic conaoatia in tianl
1326 3636 2423 3808 qujztli. Auh moconjcçato: i
1326 3749 2426 3920 man ic qujvica, in vmpapi
