2730 4286
1052 22 1627 225 libro qujnto
1395 205 2669 376 naqujt: oqujmottiti: in aço tlama
49 223 1264 384 el coraçon, y asia del, como que se le
41 364 1286 505 arrencaua tirando: estando enesto,
1416 342 2685 553 cazquj, in anoço çan, in ihiujtitici,
48 475 1273 625 demandaua ala fantasma, que
1378 505 2647 696 inpantlauoliloc: in jquac inouelca
36 566 1277 731 le hiziesse alguna merced, o le pe
1397 654 2669 867 cic, inouel qujttac, njman ie quj
39 700 1279 855 dia alguna riqueza, o le pedia: es
36 817 1269 979 fuerço o valentia: para captiuar
1382 787 2680 1013 motiilia, injiollo: qujcujtiuohi, quj
61 920 1260 1103 en la guerra a muehos: ya algu
1396 959 2605 1190 tlalochatia, qujmotioltzitiqujai.
46 1033 1232 1225 nos dauales esto, quepedian: y a
64 1148 1297 1328 otros no les daua, loque pedian:
1390 1143 2667 1333 qujcotonplia: icqujtluitlanjlia, in
48 1281 1309 1432 sino el contrario, que era pobreza,
1383 1282 2634 1523 tleiti qujmacaz, intlen qujnemac
57 1400 1267 1575 y mjseria, y malauentura: y ansi
1388 1453 2628 1644 tisz, in tleit qujmaceoaltiz: aco ne
46 1517 1250 1695 dezian, que ensu mano estaua
1400 1586 2645 1749 cujltonolli, aco tlamaliztli, acoo
61 1607 1262 1792 el Tezcadlipuca, dar qualqujera
51 1749 1285 1917 cosa que qujsiesse aduersa, o pros
1401 1726 2654 1941 qujchiotl: anoço netolinjliztli, aço
39 1886 1304 2051 pera.  la fantasma, xespondiendo
1405 1884 2646 2065 victli, aco mecapalli: iuhmjtoa,
43 2010 1273 2185 ala demanda: Dezia, desta mane
1396 2022 2631 2247 camuchie qujtemaceoaltiaia,
36 2114 1259 2307 ra: gentil hombre, valiente tō,
1394 2181 2667 2342 itenamac muchioaia. Auh in
38 2252 1283 2398 bre, amigo mjo fulano: dexa me
1398 2349 2656 2544 tlaioqujnotza, qujluja: Tocnjuhtze,
46 2354 1273 2526 quemequjeres: que yo tedare lo
52 2485 1253 2651 quequjsieres. Yla persotia, aquj
1413 2477 2652 2673 vitzitle, iaotle: tletinechiluja, tle
39 2611 1277 2792 en esta fantasma le auja, apare
1375 2614 2669 2815 tinechnequjlia, xinechcaoa: njmjlz
38 2724 1282 2919 cido, dezia la: no te dexare que
1390 2777 2630 2968 macaz in tlein ticnequj: vel njman
51 2834 1274 3019 ya te e cacado. Y la fantasma,
1392 2897 2653 3106 ictenotzaia, ic qujtlacatocaiotiaia,
46 2982 1238 3151 dauale vna punta, o espina de
1378 3062 2580 3249 maqujn tleitl itoca, in jpiltoca.
40 3111 1244 3282 maguey: diziendo le. Cataquj
1380 3194 2611 3419 Auh qujluja in maceoalli, ino
41 3246 1253 3422 esta espina, dexā me: y el que
32 3368 1266 3540 tenja a la fantasma asida por
1383 3390 2672 3571 qujmottiti: amonjmjtzcaoaz, ca onj
38 3478 1250 3649 el coracon: si era valiente, y es
1384 3523 2612 3748 mjtzan. Ic vncan qujluja, izet
32 3584 1274 3758 forçado, no le contentaua con
1382 3637 2674 3861 cevitztli: njmjtzmaca, xinecnçaoā:
26 3715 1237 3906 vna espina: y hastaque le dauā
1376 3800 2677 3985 amo qujcelia, amoqujuelitta, in jcl
21 3851 1253 4013 tras, o quatro espinas: no la de
1385 3899 2645 4129 lochicaoac: qujnjquac quiçaoa, in
19 3982 1259 4168 xaua: estas espitas gran señal
