2370 3522
911 115 1277 292 Prologo
60 478 2345 691 Aunque los agueros y abusiones, parecen ser de vn mjsmo linaje,
56 636 2324 768 pero los agueros, por la mayor parte, atribuyen alas exiaturas, lo
65 737 2329 864 que no ay enellas, como es dezix, que quando la culebra o comadre
68 825 2349 974 ja atraviessan por delante de alguno que va camjno: dizen ques
64 893 2337 1069 es señal, de que le a de acon tecer alguna desgracia, enel camjno:
67 1006 2335 1152 ydesta manexa de agueros esta dicho eneste librg qujnto. Las
58 1124 2334 1216 abogrones de que en este apendiz Setrata, son alreues que vmā,
55 1205 2334 1343 en mala parte, las impressiones ço influencias que son buena,
69 1292 2313 1430 er las cuiaturas, como es dlezir, que el olor dlel sazimnjn india
68 1360 2322 1516 no, que ellos llaman ymjsuchitl, es causa de vna enfermedad
63 1487 2318 1624 que es como almorranas. Y tambien a la flor, que llaman cue
58 1571 2308 1722 llasuchitl, la atribuyen, vn falzo testimonyo, que quando la
73 1674 2321 1820 muger passa sobre ella le cauza vna emfermedad, que tambie,
56 1740 2316 1906 la llaman cuetlasechitl, la qual, se carasa en el mjembro mu
58 1856 2314 2010 geril. D por que los agueros, y las aboziones Son muy vezinos,
58 1951 2236 2092 pongo aste tratado de las abusiones pox apendiz deste libro
52 2067 2315 2194 qujnto de los agueros.  en los aguexos no esta todo dicho qua
49 2158 2299 2285 to ay enel vso: nj tampoco, eneste apendiz estan todas las a
59 2222 2309 2387 brziones de que mal vsan: porque giempre van multiplican
42 2344 2287 2468 dose estas cosas que ovn malas, y muchos allaran angi del
62 2413 1948 2587 vno, como del otro cosas que no estan aquj puestas.
1134 2869 1516 3063 prologo.
739 2875 1109 3029 fin del
