2604 4094
1182 82 1549 247 stpendiz
63 211 1247 385 Tenian otra abusion: y aun toda
1339 223 2518 359 Ioçomatli imacpal: in puchteca cenca
1345 352 2521 468 qujtemoaia, qujmopialtiaia: in jquac in
82 337 1249 453 via loay: los mercaderes, y los que veden
1345 447 2527 538 campa tiamjquja, in tlanamacaia: vnean
76 431 1247 525 mantas: procurauan de tener vna ma
69 511 1276 629 no de mona, dezian: que tenjendo la con
1347 508 2513 618 qujtecaia, qujlmach ic iciuhca aquj, iciuh
1341 598 2507 718 ca muchi coalo intlein qujnamaca: qujl
67 610 1235 722 ligo, quando vendian: luego seles ven
1348 673 2500 800 iehoatl iuhqujchioa in oçomatli yma: y
76 676 1247 811 dia su mercaderia: y aun agora se ha
1356 761 2532 865 njcmotlapololtia. No iehoantin intilma
69 789 1231 895 ze esto. I tambien: quando nose ven
1347 863 2536 964 namacaque: in jquac acan aquj in qujna
70 854 1249 944 den su mercaderia, ala noche, bolujen
1353 923 2518 1057 maca, in aiac qujcoa: in aco tilmatli, ina
76 936 1271 1065 do asu casa: ponen entre las mantas dos
1330 1014 2526 1136 noço cueitl, anoço vipilli, qujlmach: quj
91 1030 1249 1134 vaynas de chille, dizen: que les dan aco
1333 1108 2564 1245 chilquaqualtia, inic aquj. Auh injcquj
75 1113 1238 1250 mer chille: paraque luego otro dia se
1342 1197 2529 1296 chioaia: in iquac oaloia inchan, qujto
72 1204 301 1309 venda.
1335 1276 2546 1392 aia: acan oac in totiamjc: ma xoconchil
1336 1378 2520 1485 quaqualtican: njman ic ijticcontema
1335 1431 2524 1562 aço vme, anoço vyinchilli: qujlmach
1338 1542 2516 1671 ic aquja, injc iuhqujchioaia in, icquj
1324 1623 2108 1762 toa: qujchilquaqualtia.
71 1698 1227 1896 Capitulo veynte y vno, del
1324 1721 2522 1914 Jnjc cempoalli oce capitulo, itechpa
55 1836 854 2006 majadero, y comal.
1340 1857 2425 2018 tlatoa in texolotl, yoan comalli.
1372 1973 2529 2102 njquac aqujn patoaia, injchan, in itexo
78 1950 1257 2111 Orra abusion: elque iugaua ala pelota:
1335 2066 2525 2183 louh, ioan in icomal, ioan in jmetl: ixtla
87 2075 1291 2170 ponja el metlatl, y el comal bocaabaxo, en el
1341 2142 2512 2264 pach qujmanaia: auh in texolotl canaxo
69 2144 1268 2258 suelo, y el majadero colgaua en vn rincon:
1333 2224 2512 2342 molco qujpiloaia; qujlmach: ic amo quj
76 2231 1255 2347 y con esto, dezian: que no podria ser ga
1325 2312 2557 2437 tlanjzque in chane, can ie tlatlanj. oan
76 2336 1262 2437 nado, lino que auja de ganar. Tambien
1337 2403 2479 2528 in iehoatl texolotl: in iquac qujmaci,
76 2413 1233 2537 quando armauan ratones en casa: po
1341 2489 2530 2616 in qujnmovia qujqujmjchtin: in texolotl
76 2522 1273 2632 njan el majadero fuera dela casa, dezian:
1335 2584 2484 2712 qujiaoac qujoallaca, qujlmach: intla
69 2579 1244 2714 quesi estuujesse dentro de la casa, no caē
1340 2677 2485 2794 can cali iez; amo vel macizque in quj
72 2676 1258 2779 rian los ratones: porque el maiadero, los
1329 2752 2567 2900 qujmjchti, qujlmach çan qujmonjoatica.
83 2768 931 2899 aujsaria: paraque no cayessen:
69 2843 1220 3037 Capitulo veynte y dos, de los ra
1325 2850 2467 3023 Jnjc cempoalli omome capitulo,
68 2985 319 3085 tones:
1339 2969 2425 3123 in iechpa tlatoa in qujqujmjchti.
93 3046 1243 3201 Ytra abulion tenjan, dezian: que los rato
1351 3088 2489 3200 Qujtoaia in ie vecauh, qujlmach in quj
100 3146 1247 3266 nes, saben quando alguno esta amancē
1350 3161 2506 3270 qujmjchti vesqujmati in aqujnmomeme
57 3225 1267 3335 bado, en alguna casa: y luegovan alli, y royē,
1330 3219 2501 3326 catia: in aço telpuchtli, anoço cioatl. Jnjc
54 3310 1228 3407 agujeran los chiqujujtes, q esteras, q̄ los va
1327 3310 2458 3429 neci in qujmichin qujcoionja in chiquj
53 3386 1213 3464 sos. Y esto es senal: que ay algunā amance
1332 3383 2491 3485 vitl, anoço tecomatl, anoço xicalli quj
68 3436 1246 3542 bado en alguna casa, y llamauan aesto: tla
1321 3482 2517 3558 tenquaquaia. No iuhque in tlanamique
74 3530 1249 3630 çulli. Y quando cila muger casada: los ratones
1327 3554 2554 3654 toqujchtin, anoço cioatl: yn jnpetl, anoço
65 3577 1233 3693 agujerauan las naoas: entendia su marido
1337 3606 2521 3740 njtilma toqujchtin qujcoionjaia: cā
62 3635 1233 3777 que le hazia adulterio. Y si los ratones aguje
1336 3685 2472 3804 no iuhqujn cioatl, yn jcue, anoço yni
76 3731 1216 3826 rauan la manta, al hombre: entendia la
1318 3772 2549 3890 vipil qujcoionja: yoan noujan tlacocoionja
62 3797 879 3907 muger, que le hazia adulterio.
1315 3840 2486 3987 in qujmjchin, qujl ic qujnezcaiotia: cao
1301 3910 1951 4033 qujtlaxin yn jnamjc.
