2568 4110
589 103 1023 270 Apendiz
99 310 1249 448 ña, alas montañas: la que se gastaua
108 406 1245 496 en los cues, y hazian rimeros de llas, en los
99 467 1279 556 monesterios, de los satrapas: y dalli toma
97 532 1236 648 uan, para gastarla, que sequemauan
105 599 1232 706 mucha, entre noche, y dia, enlos pati
93 677 1255 770 os de los cues, en vnos fugones altos: que
96 732 1243 843 para esto estauan hechos, en los mjsmos
90 798 1275 907 patios y en los otros tiempos los mjnistros
99 853 1258 966 de los eues, y los que morauan enel cal
90 930 1253 1040 mecac, tenjan cargo de traher, esta le
97 1002 1275 1111 ña, aesto llamauan, teuquauhquetza
101 1076 265 1170 liztli.
135 1136 1250 1274 Tambien a honrra de los dioses, que
114 1265 1246 1372 tenjan en sus casas, tenjan grancuj
124 1332 1256 1439 dado, de barree la casa, y el patio, y
106 1401 1245 1525 la portada, cada dia luego de maña
106 1473 1281 1575 na. Y el señor, o la señora de la casa,
110 1552 1256 1672 tenjan cargo de compeler, atodos los
124 1632 1273 1722 de su casa, paraque hiziessen esto, ca
112 1700 1261 1797 da dia. Y despues de hecho esto, in cē
117 1784 1228 1912 sauan, y ofrecian alas ymagines,
118 1851 1281 1992 que tenjan en sus casas: y esto cada
115 1947 1256 2066 dia. A aesto llamauan, tlachpana
115 2050 287 2164 liztle.
139 2938 1265 3065 Renjan gran vigilancia de noche
127 3016 1284 3151 los satrapas y ministros de los cues
123 3112 1263 3253 de velar, para que no faltasse
125 3191 1283 3322 de arder fuego, en los fugones del
134 3292 1274 3443 patio, y para despertar, alos que
135 3383 1273 3524 aujan de sañer a las horas, que
130 3486 1275 3619 aujan de incensar, y ofrecer de
132 3547 1282 3720 lante, de los ydolos. Y aesto lla
135 3697 840 3855 mavan, toçoaliztli.
1382 83 2113 280 del. libro. 2.
1346 303 2491 489 quahiuitl in quauhtla contequja
1337 411 2480 585 injc vncantlatlaz ichan Diablos
1331 534 2498 702 qujmaquetzaia, iehoantin quichi
1339 696 2488 807 vaia in vncan nenca, ichan vi
1329 771 2057 912 ablo intlamacevaia:
1492 912 2120 1097 Tlachpanaliztli:
1409 1134 2495 1307 n tlachpanaliztli ic muchivaia,
1349 1256 2492 1414 cenca qujncuitlaviltiaia, cenca
1348 1373 2491 1553 cuitlaviltiloia in tepilhoan in aço
1357 1480 2500 1663 cihoa, anoço oqujchtin in vnca
1352 1597 2528 1775 in chachan in jmjtvalco injc tlach
1356 1732 2509 1869 panatzque: auh in jcoac iovatzin
1351 1845 2485 2029 co ino achto tlachpanque, njma
1351 1979 2498 2156 qujchioaia in ventlamapictli in
1345 2087 2494 2247 conmanaia ixpan Diablo, auh
1351 2218 2491 2386 mnjcoac ontlamanato, njma ic
1357 2335 2510 2515 concuja in intlema injc tlenanio
1356 2495 1662 2635 cazque.
1453 2635 2412 2844 Tocovaliztli. i ixtoçoa
1583 2781 1811 2935 lztl.
1394 2886 2510 3051 Inic muchioaia tocoliztli, ique
1372 3023 2491 3151 in iooaltica: iehoantin in vn
1374 3125 2497 3244 can nenca ichan diablo, in
1376 3188 2503 3357 qujpiaia ioalli, cenca ixtoco
1375 3318 2509 3455 tinenca, injc amo tlacochca
1377 3415 2503 3570 oazque, ynjc qujpiaia ioā
1376 3522 2518 3679 lli, in ixqujch ica tlathuiz: y
1368 3614 2506 3781 njc qujpiaia, iehica, in tleitl
1377 3699 2509 3871 muchioaz yn iquac iooaltc
1376 3795 2535 4002 pantla, anoço tlaquauhiobl.
