2604 4206
238 58 932 246 de los edificios:
42 277 1114 424 El quadragessimo segundo se lla
50 388 1153 493 maua mecatlan, esta era vna ca
48 474 1123 597 sa: en la qual se enseñauan ata
59 542 1131 672 tler, las trompetas, los ministros
59 638 449 787 de los ydolos
54 921 1177 1080 El quadragessimo tercio, se llama
70 1032 1143 1144 ua cinteupan este era vn ca, de
70 1110 1115 1229 di cado ala diosa chicome coatl:
63 1212 1147 1309 en este matauan vna muger, q̄
64 1288 1157 1414 dezian que eran y magen desta
69 1364 1168 1528 diosa dicha, y la desollauan. des
60 1471 1166 1570 to se dio relacion, en la fiesta de
65 1574 465 1732 Ochpaniztli.
84 1996 1195 2171 El quadragessimo quarto edificio
96 2131 1185 2258 ellamaua centzontotochtin in teu
99 2197 1188 2342 tan: este era cu, dedicado a los dio
102 2283 1188 2413 ses del vino. A quj matauan tres,
96 2372 1165 2481 captiuos, a honrra destos dioses,
102 2451 1189 2561 del vino: al vno llamauan tepuz
89 2519 1162 2657 tecatl, y al otro toteltecatl, y al o
93 2607 1189 2727 tro papaztac. Los que aquj mata
80 2660 1228 2799 uan, de dia murian, no denoche,
87 2756 1225 2890 esto hazian cada año, en la fiesta
90 2831 549 2980 de tepeilhujtl.
79 2940 1162 3105 El quadragessimo qujnto edificio
100 3023 1193 3188 se llamaua cinteupan, era vncu
92 3131 1179 3242 donde estaua la estatua, del dios,
94 3209 1181 3326 de los mahizales : y alli mataua ca
87 3281 1192 3414 da año, asu ymagen, y con otros
87 3350 1181 3504 captiuos, como se dixo, en su fies
88 3430 204 3506 ta.
92 3491 1152 3654 El quadragessimo sexto edificio,
97 3608 1196 3725 se llamaua: netotiloian, era vn
94 3660 1159 3798 lrioar, o parte del patio, donde
97 3736 1155 3865 baylauan los captiuos y esclauos,
100 3820 1201 3928 vn poco antes que los matassen, y
97 3868 1216 4027 con ellos tambien baylaua la ymage
1437 47 1970 220 del templo.
2239 88 2538 231 fo. 115.
1277 255 1782 414 Necatlan.
1190 314 2426 510 In mecatlan: vncan nemachtilo
1201 426 2428 580 ia, yncan momachtiaia in tlapitz
1196 520 2420 707 que, in mecateca: çcan muchipa
1211 656 1657 817 mumuztlae
1294 783 1790 946 Cinteupan.
1219 869 2445 1046 In cinteupan: vncan mjquja inj
1225 986 2448 1152 xiptla chicomecoatl, cioatl, çan io
1228 1101 2404 1239 oaltica: auh in iquac oommjc, nj
1222 1179 2454 1337 manqujxipeoaia: auh in otlathujc,
1226 1276 2434 1461 in tlenamacac njman conmaquja
1223 1365 2438 1536 ia, in eoaio chicomecoatl: njman
1231 1477 2438 1668 yeic tlaiaoaloa, qujiaoaloa in qua
1237 1583 2448 1747 uhxicalli, mjtotitiuh: auh cexiuh
1230 1696 2443 1851 tica in muchioaia, ipan ochpanjz
1237 1865 1355 1975 tli,
1259 1939 2344 2120 Centrontotochti inteupan.
1234 2114 2448 2276 Incentzontotochti inteupan: vn
1261 2224 2444 2389 çan mjquja in tepuztecatl, yoan
1243 2298 2458 2489 totoltecatl, yoan papaztac: auh in
1254 2430 2440 2603 mjquja amo iooan, cemjlhujtl, y
1257 2568 2494 2742 pan in tepeilhujtl: auh cexiuhtica
1367 2729 1870 2912 Cinteupan.
1221 2875 2481 3056 Incinteupati: vncan ycaca, vncan
1252 2989 2480 3164 pialoia in jxiptla cin teoutl: vncan
1255 3079 2426 3248 mjquja in jxiptla cinteoutl, ce
1263 3225 1609 3376 mjlhujtl.
1313 3362 1925 3553 NTetotiloian
1246 3471 2486 3660 Innetotiloian: vncan mjtotiaia
1267 3617 2484 3778 in tlatlaaltilti, in chicunauhecatl,
1274 3732 2476 3873 in jquac iamjqujz: auh iquac in
1277 3802 2473 3969 mjquja iooalnepantla, amo ce
2466 4012 2549 4117 ibq
