<?xml version="1.0" encoding="UTF-8" standalone="yes"?>
<PcGts xmlns="http://schema.primaresearch.org/PAGE/gts/pagecontent/2013-07-15" xmlns:xsi="http://www.w3.org/2001/XMLSchema-instance" xsi:schemaLocation="http://schema.primaresearch.org/PAGE/gts/pagecontent/2013-07-15 http://schema.primaresearch.org/PAGE/gts/pagecontent/2013-07-15/pagecontent.xsd">
    <Metadata>
        <Creator>prov=University of Rostock/Institute of Mathematics/CITlab|PLANET AI GmbH/Gundram Leifert/gundram.leifert@planet-ai.de:name=Florentine Codex(htr_id=24784)::::v=2.6.6
prov=University of Rostock/Institute of Mathematics/CITlab|PLANET AI GmbH/Tobias Gruening/tobias.gruening@planet-ai.de:name=de.uros.citlab.module.baseline2polygon.B2PSeamMultiOriented:v=2.6.6
prov=University of Rostock/Institute of Mathematics/CITlab|PLANET AI GmbH/Tobias Gruening/tobias.gruening@planet-ai.de:name=/net_tf/LA73_249_0mod360.pb:de.uros.citlab.segmentation.CITlab_LA_ML:v=2.6.6
Transkribus</Creator>
        <Created>2020-06-23T15:23:58.716-07:00</Created>
        <LastChange>2020-06-24T08:32:45.827+02:00</LastChange>
    </Metadata>
    <Page imageFilename="FC_Vol_1_575.png" imageWidth="2654" imageHeight="4118">
        <ReadingOrder>
            <OrderedGroup id="ro_1596736969494" caption="Regions reading order">
                <RegionRefIndexed index="0" regionRef="r1"/>
                <RegionRefIndexed index="1" regionRef="r2"/>
            </OrderedGroup>
        </ReadingOrder>
        <TextRegion orientation="0.0" id="r1" custom="readingOrder {index:0;}">
            <Coords points="33,157 33,3905 1284,3905 1284,157"/>
            <TextLine id="r1l1" custom="readingOrder {index:0;}">
                <Coords points="303,256 462,261 525,223 798,235 892,215 889,112 808,92 686,114 618,83 581,103 521,92 497,113 432,95 357,127 300,111"/>
                <Baseline points="311,224 339,224 368,224 396,224 425,223 454,222 482,221 511,219 540,218 568,216 597,214 626,213 654,212 683,212 712,210 740,210 769,211 798,212 826,214 855,216 884,219"/>
                <TextEquiv>
                    <Unicode>dela axte</Unicode>
                </TextEquiv>
            </TextLine>
            <TextLine id="r1l2" custom="readingOrder {index:1;}">
                <Coords points="47,450 701,406 864,458 921,419 1175,392 1174,326 1068,312 865,356 658,306 173,361 46,333"/>
                <Baseline points="54,414 109,412 165,410 220,409 276,408 332,408 387,408 443,409 499,410 554,410 610,411 666,411 721,411 777,411 833,411 888,410 944,408 1000,406 1055,404 1111,400 1167,396"/>
                <TextEquiv>
                    <Unicode>gañaron: la tionrra que tu</Unicode>
                </TextEquiv>
            </TextLine>
            <TextLine id="r1l3" custom="readingOrder {index:2;}">
                <Coords points="52,525 621,508 731,553 842,505 1160,495 1157,400 866,460 695,412 378,468 229,431 51,449"/>
                <Baseline points="60,510 114,510 169,509 223,509 278,509 332,509 387,509 441,509 496,509 550,509 605,508 660,507 714,507 769,504 823,503 878,501 932,498 987,494 1041,491 1096,485 1151,479"/>
                <TextEquiv>
                    <Unicode>ujexon: como la ganan los:</Unicode>
                </TextEquiv>
            </TextLine>
            <TextLine id="r1l4" custom="readingOrder {index:3;}">
                <Coords points="26,635 282,652 369,607 717,650 878,604 1041,648 1210,603 1208,532 1074,541 1013,503 941,547 610,549 548,513 23,554"/>
                <Baseline points="33,614 91,615 149,617 208,617 266,617 325,617 383,617 442,615 500,614 559,612 617,611 675,609 734,606 792,604 851,600 909,599 968,595 1026,592 1085,588 1143,584 1202,581"/>
                <TextEquiv>
                    <Unicode>hombres vali entes, en la guea</Unicode>
                </TextEquiv>
            </TextLine>
            <TextLine id="r1l5" custom="readingOrder {index:4;}">
                <Coords points="45,735 1237,717 1244,640 1145,609 923,651 825,609 737,655 386,625 43,672"/>
                <Baseline points="54,734 113,734 172,733 231,732 290,731 350,729 409,728 468,725 527,724 586,722 646,719 705,716 764,714 823,713 882,710 942,708 1001,707 1060,705 1119,704 1178,702 1238,702"/>
                <TextEquiv>
                    <Unicode>ra: con estos trabajos, alcan</Unicode>
                </TextEquiv>
            </TextLine>
            <TextLine id="r1l6" custom="readingOrder {index:5;}">
                <Coords points="47,888 165,892 274,837 1185,833 1216,827 1213,740 482,724 218,802 43,791"/>
                <Baseline points="54,849 111,848 169,845 227,843 284,841 342,839 400,837 457,834 515,833 573,830 631,827 688,825 746,824 804,821 861,819 919,817 977,815 1034,813 1092,812 1150,810 1208,809"/>
                <TextEquiv>
                    <Unicode>çaron de nuestro señor, las</Unicode>
                </TextEquiv>
            </TextLine>
            <TextLine id="r1l7" custom="readingOrder {index:6;}">
                <Coords points="47,988 346,1021 461,1009 548,939 743,957 993,900 1242,939 1240,865 614,827 446,914 383,880 44,900"/>
                <Baseline points="54,959 116,957 178,955 240,953 302,951 364,948 426,946 488,944 550,941 612,938 674,934 736,932 798,929 860,927 922,925 984,923 1046,921 1108,920 1170,919 1233,918"/>
                <TextEquiv>
                    <Unicode>riquetzas que dexaron: es me</Unicode>
                </TextEquiv>
            </TextLine>
            <TextLine id="r1l8" custom="readingOrder {index:7;}">
                <Coords points="48,1088 216,1122 444,1110 529,1048 1087,1067 1139,1024 1235,1046 1232,947 974,942 880,979 565,949 459,1010 45,1018"/>
                <Baseline points="54,1062 112,1062 171,1062 229,1061 288,1060 347,1059 405,1057 464,1055 522,1053 581,1050 640,1047 698,1046 757,1043 815,1041 874,1039 933,1037 991,1035 1050,1034 1108,1032 1167,1031 1226,1031"/>
                <TextEquiv>
                    <Unicode>nester que os esforceis, y te</Unicode>
                </TextEquiv>
            </TextLine>
            <TextLine id="r1l9" custom="readingOrder {index:8;}">
                <Coords points="49,1167 269,1225 399,1163 567,1199 771,1156 1208,1168 1205,1061 1034,1044 782,1082 616,1051 246,1131 48,1111"/>
                <Baseline points="57,1172 114,1170 171,1169 228,1167 285,1166 342,1164 399,1162 456,1160 513,1158 570,1157 628,1155 685,1154 742,1152 799,1151 856,1149 913,1149 970,1148 1027,1148 1084,1148 1141,1148 1199,1148"/>
                <TextEquiv>
                    <Unicode>oays anjmo: para sufrir los</Unicode>
                </TextEquiv>
            </TextLine>
            <TextLine id="r1l10" custom="readingOrder {index:9;}">
                <Coords points="16,1195 24,1199 29,1206 38,1229 51,1239 88,1174 77,1168 66,1169 57,1164 52,1154 43,1148"/>
                <Baseline points="41,1167 72,1185"/>
                <TextEquiv>
                    <Unicode>G</Unicode>
                </TextEquiv>
            </TextLine>
            <TextLine id="r1l11" custom="readingOrder {index:10;}">
                <Coords points="38,1314 311,1364 582,1276 943,1253 1008,1305 1064,1269 1197,1292 1199,1157 847,1170 778,1228 496,1217 426,1269 303,1213 35,1235"/>
                <Baseline points="44,1293 101,1293 159,1295 216,1293 274,1293 331,1292 389,1289 446,1287 504,1285 561,1281 619,1279 676,1277 734,1274 791,1271 849,1268 906,1266 964,1264 1021,1262 1079,1262 1136,1262 1194,1262"/>
                <TextEquiv>
                    <Unicode>trabajos, que os estan a pare</Unicode>
                </TextEquiv>
            </TextLine>
            <TextLine id="r1l12" custom="readingOrder {index:11;}">
                <Coords points="40,1422 189,1463 405,1434 649,1465 969,1396 1048,1446 1234,1420 1233,1272 1004,1302 836,1271 687,1351 563,1322 488,1369 39,1349"/>
                <Baseline points="47,1407 106,1410 165,1412 224,1412 283,1412 342,1412 401,1410 460,1409 519,1407 578,1406 637,1404 696,1402 755,1401 814,1400 873,1400 932,1400 991,1400 1050,1401 1109,1404 1168,1407 1227,1412"/>
                <TextEquiv>
                    <Unicode>iados: que son, hambre, y sed</Unicode>
                </TextEquiv>
            </TextLine>
            <TextLine id="r1l13" custom="readingOrder {index:12;}">
                <Coords points="33,1554 919,1560 1010,1513 1219,1525 1219,1464 1005,1433 866,1461 818,1427 656,1479 340,1436 296,1468 32,1458"/>
                <Baseline points="41,1521 99,1523 158,1524 216,1524 275,1526 333,1526 392,1526 450,1526 509,1526 567,1526 626,1524 684,1524 743,1523 801,1522 860,1521 918,1520 977,1518 1035,1517 1094,1515 1152,1512 1211,1511"/>
                <TextEquiv>
                    <Unicode>y cansancio, y falta de man</Unicode>
                </TextEquiv>
            </TextLine>
            <TextLine id="r1l14" custom="readingOrder {index:13;}">
                <Coords points="58,1655 915,1684 1014,1624 1213,1644 1258,1626 1258,1564 57,1576"/>
                <Baseline points="66,1632 125,1635 184,1636 243,1638 302,1638 362,1638 421,1638 480,1638 539,1638 598,1637 658,1635 717,1634 776,1633 835,1631 894,1629 954,1628 1013,1626 1072,1625 1131,1623 1190,1622 1250,1622"/>
                <TextEquiv>
                    <Unicode>tenj mjentos: aueys de comer</Unicode>
                </TextEquiv>
            </TextLine>
            <TextLine id="r1l15" custom="readingOrder {index:14;}">
                <Coords points="64,1778 1184,1786 1183,1672 821,1698 728,1661 516,1701 393,1660 218,1705 62,1676"/>
                <Baseline points="72,1749 127,1751 182,1752 237,1754 292,1754 348,1754 403,1754 458,1752 513,1752 568,1751 624,1749 679,1748 734,1746 789,1745 844,1744 900,1743 955,1742 1010,1740 1065,1740 1120,1740 1176,1740"/>
                <TextEquiv>
                    <Unicode>el pan duro, y los tamales,</Unicode>
                </TextEquiv>
            </TextLine>
            <TextLine id="r1l16" custom="readingOrder {index:15;}">
                <Coords points="59,1873 182,1921 333,1892 410,1923 490,1873 614,1919 1207,1886 1203,1784 1065,1768 489,1825 55,1772"/>
                <Baseline points="66,1866 122,1869 179,1872 235,1872 292,1874 348,1872 405,1872 461,1871 518,1868 574,1866 631,1863 688,1860 744,1857 801,1854 857,1851 914,1848 970,1845 1027,1844 1083,1842 1140,1841 1197,1839"/>
                <TextEquiv>
                    <Unicode>motiosos, y aueys de beuer a</Unicode>
                </TextEquiv>
            </TextLine>
            <TextLine id="r1l17" custom="readingOrder {index:16;}">
                <Coords points="48,2033 345,1993 426,2036 580,2033 639,1990 1232,2005 1229,1894 776,1893 676,1937 44,1900"/>
                <Baseline points="54,1992 112,1994 171,1994 229,1994 288,1994 346,1992 405,1992 463,1989 522,1988 580,1985 639,1983 697,1980 756,1978 814,1976 873,1974 931,1973 990,1971 1048,1970 1107,1970 1165,1971 1224,1971"/>
                <TextEquiv>
                    <Unicode>gua turuja, y de mal sabor:</Unicode>
                </TextEquiv>
            </TextLine>
            <TextLine id="r1l18" custom="readingOrder {index:17;}">
                <Coords points="52,2118 146,2166 396,2098 495,2160 739,2094 1237,2125 1235,2022 1172,1996 978,2039 810,2009 736,2047 394,2005 50,2033"/>
                <Baseline points="60,2096 118,2099 176,2102 235,2103 293,2105 352,2105 410,2105 469,2103 527,2102 586,2101 644,2099 702,2097 761,2096 819,2093 878,2091 936,2090 995,2088 1053,2087 1112,2087 1170,2087 1229,2087"/>
                <TextEquiv>
                    <Unicode>aueys de llegar a rios crecidos,</Unicode>
                </TextEquiv>
            </TextLine>
            <TextLine id="r1l19" custom="readingOrder {index:18;}">
                <Coords points="56,2241 216,2195 522,2257 575,2214 760,2233 900,2194 1163,2225 1233,2195 1232,2124 993,2141 834,2102 515,2165 302,2109 166,2163 53,2145"/>
                <Baseline points="63,2213 121,2213 179,2213 237,2213 295,2213 353,2211 411,2211 470,2210 528,2210 586,2208 644,2207 702,2205 760,2204 818,2202 877,2200 935,2198 993,2195 1051,2193 1109,2190 1167,2187 1226,2183"/>
                <TextEquiv>
                    <Unicode>que van impetuosos con aue</Unicode>
                </TextEquiv>
            </TextLine>
            <TextLine id="r1l20" custom="readingOrder {index:19;}">
                <Coords points="69,2348 715,2348 878,2298 970,2352 1091,2299 1245,2297 1243,2235 591,2229 531,2265 209,2206 65,2241"/>
                <Baseline points="75,2322 133,2324 191,2325 249,2325 307,2325 365,2325 423,2324 481,2322 539,2320 597,2318 655,2315 713,2313 771,2310 829,2307 887,2304 945,2301 1003,2298 1061,2296 1119,2294 1177,2291 1236,2289"/>
                <TextEquiv>
                    <Unicode>njdas, y que hazen espanta</Unicode>
                </TextEquiv>
            </TextLine>
            <TextLine id="r1l21" custom="readingOrder {index:20;}">
                <Coords points="59,2452 180,2443 271,2508 383,2460 591,2482 785,2428 962,2464 1035,2426 1272,2438 1269,2341 1066,2365 1010,2334 896,2379 403,2352 273,2400 186,2342 55,2347"/>
                <Baseline points="66,2438 125,2442 185,2445 245,2447 305,2447 365,2447 425,2445 484,2444 544,2441 604,2439 664,2435 724,2432 784,2429 844,2426 903,2422 963,2420 1023,2418 1083,2416 1143,2415 1203,2415 1263,2417"/>
                <TextEquiv>
                    <Unicode>ble ruydo, y que no se pueden</Unicode>
                </TextEquiv>
            </TextLine>
            <TextLine id="r1l22" custom="readingOrder {index:21;}">
                <Coords points="67,2608 289,2569 401,2619 547,2568 1241,2561 1239,2463 1194,2448 909,2491 687,2444 561,2536 65,2492"/>
                <Baseline points="75,2564 132,2565 190,2568 248,2568 306,2570 364,2570 422,2570 479,2568 537,2568 595,2567 653,2565 711,2564 769,2562 827,2559 884,2558 942,2556 1000,2555 1058,2553 1116,2552 1174,2552 1232,2550"/>
                <TextEquiv>
                    <Unicode>vadear: por esta causa, aure</Unicode>
                </TextEquiv>
            </TextLine>
            <TextLine id="r1l23" custom="readingOrder {index:22;}">
                <Coords points="70,2709 149,2737 264,2678 553,2673 777,2721 892,2669 1104,2717 1189,2663 1188,2570 1002,2597 641,2570 543,2645 503,2616 266,2637 229,2603 167,2647 68,2608"/>
                <Baseline points="78,2678 133,2678 188,2679 243,2679 298,2679 354,2679 409,2679 464,2678 519,2678 574,2676 630,2675 685,2675 740,2673 795,2670 850,2669 906,2667 961,2666 1016,2665 1071,2663 1126,2662 1182,2660"/>
                <TextEquiv>
                    <Unicode>is de estar de tenjdo algu</Unicode>
                </TextEquiv>
            </TextLine>
            <TextLine id="r1l24" custom="readingOrder {index:23;}">
                <Coords points="76,2802 723,2785 868,2823 925,2786 1211,2786 1210,2693 1074,2721 893,2670 782,2744 461,2738 415,2702 376,2734 308,2702 248,2753 76,2733"/>
                <Baseline points="84,2789 139,2787 195,2786 251,2786 307,2784 363,2784 419,2784 475,2784 531,2784 587,2784 643,2784 698,2784 754,2783 810,2783 866,2783 922,2781 978,2780 1034,2778 1090,2775 1146,2772 1202,2768"/>
                <TextEquiv>
                    <Unicode>nos dias: aureis de pade cer</Unicode>
                </TextEquiv>
            </TextLine>
            <TextLine id="r1l25" custom="readingOrder {index:24;}">
                <Coords points="92,2949 410,2967 530,2907 716,2888 1100,2929 1224,2889 1222,2805 1020,2791 855,2849 765,2800 700,2855 571,2801 395,2872 273,2821 198,2857 89,2824"/>
                <Baseline points="99,2900 154,2900 210,2900 266,2900 322,2898 378,2898 433,2898 489,2898 545,2898 601,2897 657,2897 712,2895 768,2894 824,2893 880,2891 936,2890 991,2888 1047,2886 1103,2883 1159,2880 1215,2877"/>
                <TextEquiv>
                    <Unicode>hambre, y sed. Aairad hijo:</Unicode>
                </TextEquiv>
            </TextLine>
            <TextLine id="r1l26" custom="readingOrder {index:25;}">
                <Coords points="82,3044 290,3079 507,3023 896,3043 968,2991 1210,2988 1208,2912 1002,2955 612,2967 471,2925 411,2966 81,2974"/>
                <Baseline points="89,3011 144,3012 200,3014 255,3014 311,3014 367,3014 422,3012 478,3012 534,3011 589,3008 645,3006 701,3005 756,3003 812,3000 868,2999 923,2996 979,2994 1035,2993 1090,2991 1146,2990 1202,2990"/>
                <TextEquiv>
                    <Unicode>que no desmayeis con estas</Unicode>
                </TextEquiv>
            </TextLine>
            <TextLine id="r1l27" custom="readingOrder {index:26;}">
                <Coords points="79,3124 211,3165 864,3162 982,3093 1262,3112 1260,3025 1117,2997 994,3054 752,3069 594,3017 431,3074 77,3071"/>
                <Baseline points="87,3113 145,3118 203,3121 262,3123 320,3125 378,3125 437,3123 495,3122 553,3120 612,3117 670,3114 728,3111 787,3108 845,3105 903,3103 962,3101 1020,3099 1078,3098 1137,3098 1195,3099 1254,3102"/>
                <TextEquiv>
                    <Unicode>cosas, nj boluays atras del tra</Unicode>
                </TextEquiv>
            </TextLine>
            <TextLine id="r1l28" custom="readingOrder {index:27;}">
                <Coords points="82,3247 287,3280 541,3232 607,3270 887,3260 1168,3210 1167,3158 828,3171 702,3138 607,3182 169,3188 80,3154"/>
                <Baseline points="90,3225 143,3228 197,3230 250,3231 304,3231 357,3231 411,3230 464,3228 518,3227 571,3224 625,3222 679,3219 732,3217 786,3215 839,3213 893,3212 946,3210 1000,3209 1053,3209 1107,3209 1161,3210"/>
                <TextEquiv>
                    <Unicode>bajo comencado: porque no</Unicode>
                </TextEquiv>
            </TextLine>
            <TextLine id="r1l29" custom="readingOrder {index:28;}">
                <Coords points="71,3325 266,3375 393,3342 495,3382 716,3374 850,3325 973,3336 1025,3294 1226,3340 1225,3255 956,3274 908,3244 629,3290 366,3254 209,3292 69,3240"/>
                <Baseline points="78,3320 135,3325 192,3329 249,3331 306,3333 363,3333 420,3333 477,3333 534,3332 591,3330 648,3329 705,3327 762,3324 819,3323 876,3319 933,3317 990,3314 1047,3312 1104,3311 1161,3311 1218,3309"/>
                <TextEquiv>
                    <Unicode>nos afronteys a nosotros vues</Unicode>
                </TextEquiv>
            </TextLine>
            <TextLine id="r1l30" custom="readingOrder {index:29;}">
                <Coords points="83,3443 225,3487 364,3440 695,3497 822,3414 1221,3429 1219,3352 1158,3338 930,3384 840,3339 744,3385 521,3396 400,3361 308,3402 81,3369"/>
                <Baseline points="90,3428 146,3432 202,3435 258,3437 314,3438 370,3438 426,3437 482,3435 538,3433 594,3431 651,3427 707,3424 763,3421 819,3419 875,3416 931,3413 987,3411 1043,3411 1099,3410 1155,3411 1212,3413"/>
                <TextEquiv>
                    <Unicode>tros padres: por este camjno,</Unicode>
                </TextEquiv>
            </TextLine>
            <TextLine id="r1l31" custom="readingOrder {index:30;}">
                <Coords points="79,3566 636,3606 763,3529 1280,3525 1277,3459 1158,3414 696,3496 421,3467 350,3507 76,3498"/>
                <Baseline points="86,3548 145,3551 204,3554 263,3555 323,3554 382,3554 441,3551 500,3548 560,3543 619,3540 678,3535 737,3532 797,3527 856,3522 915,3520 974,3516 1034,3515 1093,3513 1152,3513 1211,3515 1271,3518"/>
                <TextEquiv>
                    <Unicode>fueron los viejos antepassados:</Unicode>
                </TextEquiv>
            </TextLine>
            <TextLine id="r1l32" custom="readingOrder {index:31;}">
                <Coords points="56,3687 392,3712 472,3656 1026,3623 1269,3660 1290,3580 1211,3542 987,3593 861,3541 793,3589 572,3590 526,3627 352,3584 52,3599"/>
                <Baseline points="62,3660 123,3664 184,3665 245,3666 306,3665 367,3663 428,3660 489,3657 550,3653 611,3649 673,3645 734,3640 795,3635 856,3632 917,3629 978,3626 1039,3624 1100,3624 1161,3624 1222,3627 1284,3630"/>
                <TextEquiv>
                    <Unicode>y pusieron sus vidas muchas</Unicode>
                </TextEquiv>
            </TextLine>
            <TextLine id="r1l33" custom="readingOrder {index:32;}">
                <Coords points="71,3773 208,3820 717,3815 819,3734 1153,3751 1210,3717 1208,3672 1001,3645 299,3747 66,3686"/>
                <Baseline points="78,3755 134,3762 190,3768 246,3771 302,3773 359,3771 415,3770 471,3767 527,3763 583,3758 640,3752 696,3747 752,3742 808,3736 864,3732 921,3728 977,3725 1033,3723 1089,3723 1145,3725 1202,3728"/>
                <TextEquiv>
                    <Unicode>dezes a riesgo: y por ser añj</Unicode>
                </TextEquiv>
            </TextLine>
            <TextLine id="r1l34" custom="readingOrder {index:33;}">
                <Coords points="80,3903 186,3941 673,3940 791,3916 895,3826 1266,3852 1262,3765 1104,3737 1027,3778 818,3733 717,3813 395,3836 76,3797"/>
                <Baseline points="87,3860 145,3869 204,3874 262,3878 321,3879 379,3879 438,3878 496,3875 555,3872 613,3866 672,3861 730,3855 789,3851 847,3846 906,3842 964,3839 1023,3837 1081,3836 1140,3837 1198,3842 1257,3848"/>
                <TextEquiv>
                    <Unicode>mosos, vinjeron aser valerosos,</Unicode>
                </TextEquiv>
            </TextLine>
            <TextEquiv>
                <Unicode>dela axte
gañaron: la tionrra que tu
ujexon: como la ganan los:
hombres vali entes, en la guea
ra: con estos trabajos, alcan
çaron de nuestro señor, las
riquetzas que dexaron: es me
nester que os esforceis, y te
oays anjmo: para sufrir los
G
trabajos, que os estan a pare
iados: que son, hambre, y sed
y cansancio, y falta de man
tenj mjentos: aueys de comer
el pan duro, y los tamales,
motiosos, y aueys de beuer a
gua turuja, y de mal sabor:
aueys de llegar a rios crecidos,
que van impetuosos con aue
njdas, y que hazen espanta
ble ruydo, y que no se pueden
vadear: por esta causa, aure
is de estar de tenjdo algu
nos dias: aureis de pade cer
hambre, y sed. Aairad hijo:
que no desmayeis con estas
cosas, nj boluays atras del tra
bajo comencado: porque no
nos afronteys a nosotros vues
tros padres: por este camjno,
fueron los viejos antepassados:
y pusieron sus vidas muchas
dezes a riesgo: y por ser añj
mosos, vinjeron aser valerosos,</Unicode>
            </TextEquiv>
        </TextRegion>
        <TextRegion orientation="0.0" id="r2" custom="readingOrder {index:1;}">
            <Coords points="1287,143 1287,4075 2583,4075 2583,143"/>
            <TextLine id="r2l1" custom="readingOrder {index:0;}">
                <Coords points="1412,200 1602,203 1779,253 1907,208 2152,220 2179,209 2179,124 2105,97 2021,108 1961,67 1817,133 1615,80 1412,141"/>
                <Baseline points="1421,200 1458,198 1496,198 1533,198 1571,197 1608,197 1646,197 1683,195 1721,195 1758,195 1796,195 1833,195 1871,195 1908,195 1946,195 1983,197 2021,197 2058,197 2096,198 2133,200 2171,201"/>
                <TextEquiv>
                    <Unicode>achujnatoria.</Unicode>
                </TextEquiv>
            </TextLine>
            <TextLine id="r2l2" custom="readingOrder {index:1;}">
                <Coords points="2327,233 2452,219 2485,240 2530,241 2591,214 2595,154 2582,158 2550,136 2504,132 2481,118 2446,122 2424,111 2392,129 2362,130 2334,121"/>
                <Baseline points="2337,209 2364,207 2391,206 2419,206 2446,209 2473,211 2501,213 2528,216 2555,218 2583,218"/>
                <TextEquiv>
                    <Unicode>fo. 24.</Unicode>
                </TextEquiv>
            </TextLine>
            <TextLine id="r2l3" custom="readingOrder {index:2;}">
                <Coords points="1291,419 1937,399 2037,437 2162,391 2571,391 2570,326 2424,285 2089,283 2017,334 1862,338 1585,246 1290,302"/>
                <Baseline points="1299,390 1362,392 1425,392 1488,390 1551,390 1614,390 1677,389 1741,387 1804,386 1867,386 1930,384 1993,383 2056,382 2119,381 2183,380 2246,380 2309,380 2372,378 2435,380 2498,380 2562,381"/>
                <TextEquiv>
                    <Unicode>Tiaque, in veli, in nenemjliztli, mjc oquj</Unicode>
                </TextEquiv>
            </TextLine>
            <TextLine id="r2l4" custom="readingOrder {index:3;}">
                <Coords points="1292,513 1459,500 1539,537 1748,491 2045,491 2087,523 2207,491 2471,524 2470,432 2328,401 2061,437 1789,401 1291,429"/>
                <Baseline points="1299,500 1357,495 1415,493 1473,491 1531,489 1590,486 1648,485 1706,483 1764,483 1822,482 1881,482 1939,480 1997,480 2055,480 2113,482 2172,482 2230,483 2288,484 2346,486 2404,487 2463,489"/>
                <TextEquiv>
                    <Unicode>tlamatataqujlitiaque, oqujtlaitlanj</Unicode>
                </TextEquiv>
            </TextLine>
            <TextLine id="r2l5" custom="readingOrder {index:4;}">
                <Coords points="1279,628 1639,594 1756,624 1997,593 2104,634 2203,592 2366,613 2459,597 2457,520 1276,525"/>
                <Baseline points="1287,614 1345,609 1403,604 1461,601 1519,598 1577,594 1635,593 1694,590 1752,588 1810,587 1868,585 1926,584 1984,584 2042,582 2101,582 2159,581 2217,580 2275,579 2333,578 2391,576 2450,575"/>
                <TextEquiv>
                    <Unicode>Itiaque, in tloque, inaoxexuce, mjc</Unicode>
                </TextEquiv>
            </TextLine>
            <TextLine id="r2l6" custom="readingOrder {index:5;}">
                <Coords points="1294,725 2461,694 2459,634 2342,597 1884,645 1826,606 1551,656 1482,622 1291,633"/>
                <Baseline points="1302,714 1359,713 1417,711 1474,710 1532,707 1589,705 1647,702 1704,700 1762,698 1819,695 1877,693 1935,690 1992,687 2050,686 2107,684 2165,681 2222,681 2280,680 2337,678 2395,678 2453,678"/>
                <TextEquiv>
                    <Unicode>ixillati, icoicattan omomcaiauhtia</Unicode>
                </TextEquiv>
            </TextLine>
            <TextLine id="r2l7" custom="readingOrder {index:6;}">
                <Coords points="1297,844 1633,799 1816,848 2151,792 2324,831 2519,778 2517,721 2380,740 2298,698 2219,733 2118,703 1806,747 1294,733"/>
                <Baseline points="1305,815 1365,813 1425,812 1485,810 1546,808 1606,806 1666,804 1727,802 1787,800 1847,798 1908,797 1968,794 2028,793 2088,791 2149,789 2209,788 2269,786 2330,785 2390,783 2450,782 2511,782"/>
                <TextEquiv>
                    <Unicode>oite: auti itipe, maçuele, timaliuj, ma</Unicode>
                </TextEquiv>
            </TextLine>
            <TextLine id="r2l8" custom="readingOrder {index:7;}">
                <Coords points="1294,928 1623,944 1678,910 1742,947 1970,907 2021,941 2085,901 2277,927 2506,891 2505,833 2237,795 2127,841 2019,801 1963,851 1895,823 1777,859 1633,799 1468,850 1293,842"/>
                <Baseline points="1302,918 1361,916 1421,913 1481,911 1541,908 1601,906 1660,905 1720,903 1780,903 1840,902 1900,902 1959,900 2019,900 2079,900 2139,899 2199,899 2258,898 2318,897 2378,896 2438,895 2498,893"/>
                <TextEquiv>
                    <Unicode>xōcontitaulo en tlachiioviliztli, caie</Unicode>
                </TextEquiv>
            </TextLine>
            <TextLine id="r2l9" custom="readingOrder {index:8;}">
                <Coords points="1300,1037 1594,1020 1653,1066 1741,1022 2011,1016 2061,1055 2151,1014 2477,1014 2475,924 1298,945"/>
                <Baseline points="1307,1026 1365,1023 1423,1020 1481,1017 1539,1016 1597,1013 1655,1011 1713,1010 1771,1008 1829,1008 1888,1007 1946,1005 2004,1004 2062,1002 2120,1001 2178,999 2236,998 2294,996 2352,993 2410,991 2469,987"/>
                <TextEquiv>
                    <Unicode>toconmatiz, ie toconjxçaujz, ietoçon</Unicode>
                </TextEquiv>
            </TextLine>
            <TextLine id="r2l10" custom="readingOrder {index:9;}">
                <Coords points="1293,1149 2223,1106 2299,1153 2479,1108 2477,1037 2216,1055 2137,1018 2062,1055 1879,1015 1709,1074 1550,1040 1291,1066"/>
                <Baseline points="1301,1128 1359,1126 1418,1124 1476,1121 1535,1119 1593,1117 1652,1116 1710,1115 1769,1113 1827,1112 1886,1112 1944,1110 2003,1109 2061,1107 2120,1106 2178,1104 2237,1103 2295,1101 2354,1098 2412,1095 2471,1092"/>
                <TextEquiv>
                    <Unicode>cematiz in netolinjliztli, iapizmj</Unicode>
                </TextEquiv>
            </TextLine>
            <TextLine id="r2l11" custom="readingOrder {index:10;}">
                <Coords points="1288,1265 1507,1275 1643,1229 2018,1229 2072,1267 2432,1243 2507,1216 2504,1116 2321,1158 1956,1119 1848,1174 1477,1129 1286,1188"/>
                <Baseline points="1295,1238 1355,1233 1415,1230 1475,1228 1535,1226 1595,1224 1655,1223 1716,1221 1776,1220 1836,1218 1896,1218 1956,1217 2016,1216 2076,1215 2137,1213 2197,1211 2257,1209 2317,1206 2377,1203 2437,1200 2498,1196"/>
                <TextEquiv>
                    <Unicode>qujliztli, in teoaiujliztli, in amjqujliz</Unicode>
                </TextEquiv>
            </TextLine>
            <TextLine id="r2l12" custom="readingOrder {index:11;}">
                <Coords points="1291,1346 2226,1363 2467,1338 2505,1248 2149,1275 1915,1225 1848,1270 1288,1265"/>
                <Baseline points="1299,1332 1362,1331 1425,1331 1488,1329 1551,1328 1614,1328 1677,1326 1740,1325 1803,1323 1866,1322 1930,1320 1993,1319 2056,1316 2119,1314 2182,1311 2245,1308 2308,1304 2371,1300 2434,1297 2498,1292"/>
                <TextEquiv>
                    <Unicode>tli, matetzocoaqujliztli, iciammjquj</Unicode>
                </TextEquiv>
            </TextLine>
            <TextLine id="r2l13" custom="readingOrder {index:12;}">
                <Coords points="1296,1480 2021,1433 2446,1451 2539,1394 2537,1348 2443,1335 2252,1374 1909,1341 1765,1384 1614,1348 1392,1385 1291,1346"/>
                <Baseline points="1302,1443 1363,1441 1424,1440 1486,1439 1547,1436 1609,1435 1670,1433 1732,1431 1793,1429 1855,1427 1916,1425 1977,1424 2039,1421 2100,1419 2162,1416 2223,1415 2285,1412 2346,1409 2408,1406 2469,1404 2531,1401"/>
                <TextEquiv>
                    <Unicode>liztli: auh inel otlatlan, m motacatzin</Unicode>
                </TextEquiv>
            </TextLine>
            <TextLine id="r2l14" custom="readingOrder {index:13;}">
                <Coords points="1291,1579 1849,1565 1916,1529 1978,1564 2444,1552 2442,1448 1977,1490 1530,1458 1289,1497"/>
                <Baseline points="1299,1551 1355,1547 1412,1544 1469,1541 1526,1538 1583,1535 1639,1533 1696,1532 1753,1530 1810,1529 1867,1529 1923,1527 1980,1527 2037,1526 2094,1526 2151,1524 2207,1524 2264,1524 2321,1523 2378,1523 2435,1523"/>
                <TextEquiv>
                    <Unicode>in motlatoçaia: cujx atiemoqualtiz,</Unicode>
                </TextEquiv>
            </TextLine>
            <TextLine id="r2l15" custom="readingOrder {index:14;}">
                <Coords points="1286,1673 2137,1646 2384,1678 2542,1624 2540,1537 2029,1574 1917,1528 1284,1615"/>
                <Baseline points="1293,1659 1355,1655 1417,1651 1479,1648 1541,1646 1603,1642 1665,1640 1727,1637 1789,1635 1851,1634 1914,1632 1976,1629 2038,1628 2100,1627 2162,1625 2224,1625 2286,1623 2348,1622 2410,1620 2472,1618 2535,1616"/>
                <TextEquiv>
                    <Unicode>itlaxcalquappitztli, in tlaxçaltotopocti</Unicode>
                </TextEquiv>
            </TextLine>
            <TextLine id="r2l16" custom="readingOrder {index:15;}">
                <Coords points="1294,1780 2452,1775 2532,1736 2529,1663 2045,1692 1947,1646 1667,1693 1386,1657 1291,1706"/>
                <Baseline points="1302,1769 1363,1764 1424,1761 1485,1757 1546,1754 1607,1751 1668,1748 1729,1745 1790,1743 1851,1742 1912,1739 1973,1737 2034,1736 2095,1734 2156,1733 2217,1731 2278,1731 2339,1730 2400,1728 2461,1727 2523,1725"/>
                <TextEquiv>
                    <Unicode>tli, in totopuchtzintli, in tamaliçaçatzin</Unicode>
                </TextEquiv>
            </TextLine>
            <TextLine id="r2l17" custom="readingOrder {index:16;}">
                <Coords points="1288,1882 2463,1870 2465,1798 2366,1761 2058,1801 1885,1756 1602,1810 1552,1768 1438,1777 1286,1824"/>
                <Baseline points="1296,1872 1354,1869 1412,1866 1470,1863 1528,1860 1586,1857 1644,1854 1702,1852 1760,1850 1818,1848 1876,1847 1934,1845 1992,1844 2050,1844 2108,1842 2166,1842 2224,1842 2282,1842 2340,1842 2398,1842 2457,1842"/>
                <TextEquiv>
                    <Unicode>tli: auh cujxatecmjtiz in xocac atl, i</Unicode>
                </TextEquiv>
            </TextLine>
            <TextLine id="r2l18" custom="readingOrder {index:17;}">
                <Coords points="1300,1991 2453,1964 2433,1865 1991,1909 1927,1866 1611,1921 1297,1896"/>
                <Baseline points="1308,1980 1364,1977 1421,1973 1478,1970 1535,1967 1592,1965 1648,1964 1705,1962 1762,1960 1819,1959 1876,1958 1932,1956 1989,1955 2046,1955 2103,1953 2160,1952 2216,1950 2273,1950 2330,1949 2387,1946 2444,1944"/>
                <TextEquiv>
                    <Unicode>alchichic, in tlaelatl, matzoatl. Auh</Unicode>
                </TextEquiv>
            </TextLine>
            <TextLine id="r2l19" custom="readingOrder {index:18;}">
                <Coords points="1294,2109 2412,2083 2548,2046 2545,1958 2275,2008 1770,1983 1686,2030 1290,2004"/>
                <Baseline points="1301,2093 1366,2088 1431,2085 1496,2081 1561,2078 1627,2075 1692,2072 1757,2070 1822,2067 1887,2066 1953,2064 2018,2063 2083,2060 2148,2059 2213,2057 2279,2055 2344,2054 2409,2051 2474,2049 2540,2046"/>
                <TextEquiv>
                    <Unicode>intechtacitiuta, itechtipachiujtiuti, itech</Unicode>
                </TextEquiv>
            </TextLine>
            <TextLine id="r2l20" custom="readingOrder {index:19;}">
                <Coords points="1307,2212 1811,2172 2463,2186 2476,2081 2365,2111 2299,2082 1640,2126 1532,2084 1302,2107"/>
                <Baseline points="1314,2201 1371,2196 1429,2194 1487,2190 1545,2187 1603,2183 1661,2181 1718,2178 1776,2175 1834,2172 1892,2171 1950,2168 2008,2166 2066,2163 2123,2162 2181,2159 2239,2157 2297,2156 2355,2154 2413,2153 2471,2150"/>
                <TextEquiv>
                    <Unicode>timotzotzonatiuh in temamauhti atl,</Unicode>
                </TextEquiv>
            </TextLine>
            <TextLine id="r2l21" custom="readingOrder {index:20;}">
                <Coords points="1295,2319 2221,2275 2344,2306 2488,2267 2487,2215 2339,2189 2112,2225 1968,2183 1896,2233 1819,2195 1609,2246 1291,2217"/>
                <Baseline points="1302,2304 1360,2301 1419,2298 1478,2295 1537,2292 1596,2289 1655,2286 1714,2285 1773,2282 1832,2279 1891,2277 1949,2275 2008,2273 2067,2271 2126,2269 2185,2268 2244,2267 2303,2265 2362,2264 2421,2264 2480,2264"/>
                <TextEquiv>
                    <Unicode>mniuhquj colonj, miuhquj tetecujca</Unicode>
                </TextEquiv>
            </TextLine>
            <TextLine id="r2l22" custom="readingOrder {index:21;}">
                <Coords points="1312,2423 2296,2378 2415,2425 2494,2386 2490,2266 2298,2326 2217,2278 2105,2333 1986,2286 1909,2333 1307,2312"/>
                <Baseline points="1320,2418 1378,2412 1436,2407 1494,2402 1553,2399 1611,2396 1669,2393 1728,2390 1786,2388 1844,2385 1903,2384 1961,2382 2019,2381 2077,2379 2136,2378 2194,2376 2252,2374 2311,2372 2369,2370 2427,2367 2486,2364"/>
                <TextEquiv>
                    <Unicode>tiuti, xaxamacatiuh ic iauh, m moch</Unicode>
                </TextEquiv>
            </TextLine>
            <TextLine id="r2l23" custom="readingOrder {index:22;}">
                <Coords points="1304,2562 1499,2508 2471,2505 2469,2409 1853,2436 1763,2398 1660,2439 1405,2417 1302,2450"/>
                <Baseline points="1311,2517 1368,2511 1426,2506 1483,2502 1541,2498 1599,2495 1656,2492 1714,2490 1771,2489 1829,2487 1887,2486 1944,2486 2002,2484 2059,2484 2117,2484 2175,2484 2232,2483 2290,2483 2347,2482 2405,2481 2463,2480"/>
                <TextEquiv>
                    <Unicode>qujujca; qujtzineuhtiuti, vevez qua</Unicode>
                </TextEquiv>
            </TextLine>
            <TextLine id="r2l24" custom="readingOrder {index:23;}">
                <Coords points="1305,2640 1774,2610 1957,2654 2046,2602 2165,2647 2269,2613 2484,2644 2482,2533 2392,2505 2236,2541 1810,2518 1691,2555 1586,2521 1304,2561"/>
                <Baseline points="1313,2624 1371,2618 1429,2613 1487,2608 1545,2604 1603,2600 1661,2598 1719,2595 1777,2594 1835,2592 1894,2592 1952,2591 2010,2591 2068,2591 2126,2592 2184,2592 2242,2592 2300,2594 2358,2594 2416,2594 2475,2594"/>
                <TextEquiv>
                    <Unicode>ujtl: auh ca vncantiquezqujltiujtiz,</Unicode>
                </TextEquiv>
            </TextLine>
            <TextLine id="r2l25" custom="readingOrder {index:24;}">
                <Coords points="1304,2762 1810,2718 2486,2733 2483,2641 2449,2636 2118,2654 2000,2612 1957,2655 1886,2627 1832,2665 1608,2633 1301,2656"/>
                <Baseline points="1311,2742 1369,2735 1427,2730 1485,2725 1544,2721 1602,2717 1660,2714 1719,2711 1777,2709 1835,2707 1894,2705 1952,2703 2010,2702 2068,2702 2127,2700 2185,2700 2243,2699 2302,2699 2360,2698 2418,2697 2477,2697"/>
                <TextEquiv>
                    <Unicode>timatzaquaz, titlachiiouiz in mocuj</Unicode>
                </TextEquiv>
            </TextLine>
            <TextLine id="r2l26" custom="readingOrder {index:25;}">
                <Coords points="1315,2856 2459,2830 2510,2812 2508,2738 1312,2764"/>
                <Baseline points="1322,2843 1381,2840 1440,2837 1499,2834 1558,2831 1617,2829 1676,2825 1735,2822 1794,2820 1853,2817 1912,2816 1971,2813 2030,2811 2089,2810 2148,2808 2207,2807 2266,2806 2325,2805 2384,2805 2443,2805 2502,2805"/>
                <TextEquiv>
                    <Unicode>tlaxcoltica, in monatequjliztica: intla</Unicode>
                </TextEquiv>
            </TextLine>
            <TextLine id="r2l27" custom="readingOrder {index:26;}">
                <Coords points="1297,2979 2440,2970 2504,2938 2501,2865 2293,2826 2114,2869 1857,2845 1784,2886 1294,2866"/>
                <Baseline points="1304,2957 1363,2953 1423,2949 1482,2947 1542,2944 1602,2940 1661,2937 1721,2936 1780,2932 1840,2930 1900,2928 1959,2925 2019,2924 2078,2922 2138,2921 2198,2919 2257,2919 2317,2918 2376,2918 2436,2919 2496,2919"/>
                <TextEquiv>
                    <Unicode>ticmaujçez m uuhquj in nopiltze, ma</Unicode>
                </TextEquiv>
            </TextLine>
            <TextLine id="r2l28" custom="readingOrder {index:27;}">
                <Coords points="1304,3083 1799,3081 1865,3031 2071,3095 2546,3025 2544,2960 2299,2953 1302,3003"/>
                <Baseline points="1311,3062 1372,3057 1433,3054 1495,3050 1556,3047 1617,3045 1679,3042 1740,3041 1801,3039 1863,3038 1924,3036 1985,3036 2047,3035 2108,3033 2169,3032 2231,3030 2292,3029 2353,3027 2415,3026 2476,3023 2538,3020"/>
                <TextEquiv>
                    <Unicode>titlapinauhiti, matitlacueçuetlaxo, ma</Unicode>
                </TextEquiv>
            </TextLine>
            <TextLine id="r2l29" custom="readingOrder {index:28;}">
                <Coords points="1304,3186 2497,3171 2496,3082 1303,3096"/>
                <Baseline points="1311,3170 1369,3165 1428,3161 1487,3159 1546,3156 1605,3153 1664,3152 1723,3150 1782,3149 1841,3149 1900,3148 1958,3147 2017,3147 2076,3147 2135,3147 2194,3147 2253,3147 2312,3147 2371,3146 2430,3146 2489,3146"/>
                <TextEquiv>
                    <Unicode>timocioa tlamacati, ie xcicmocenma</Unicode>
                </TextEquiv>
            </TextLine>
            <TextLine id="r2l30" custom="readingOrder {index:29;}">
                <Coords points="1312,3296 1933,3303 2016,3261 2464,3290 2547,3243 2526,3186 1643,3226 1456,3186 1311,3225"/>
                <Baseline points="1319,3272 1380,3270 1441,3269 1502,3267 1563,3265 1624,3263 1685,3261 1746,3260 1807,3258 1868,3255 1929,3255 1990,3253 2051,3252 2112,3251 2173,3251 2234,3251 2295,3251 2356,3252 2417,3254 2478,3255 2540,3258"/>
                <TextEquiv>
                    <Unicode>ca, itlanxaquj, xicmotlaquam maca</Unicode>
                </TextEquiv>
            </TextLine>
            <TextLine id="r2l31" custom="readingOrder {index:30;}">
                <Coords points="1299,3399 1656,3393 1772,3433 2546,3373 2519,3286 2176,3273 2102,3320 2008,3274 1802,3323 1726,3294 1298,3333"/>
                <Baseline points="1307,3386 1368,3382 1430,3380 1491,3377 1553,3375 1614,3374 1676,3373 1737,3372 1799,3372 1860,3371 1922,3371 1984,3371 2045,3371 2107,3369 2168,3369 2230,3368 2291,3368 2353,3366 2414,3363 2476,3360 2538,3357"/>
                <TextEquiv>
                    <Unicode>ic xomotetzilo, n tlaihiioujliztli. tal</Unicode>
                </TextEquiv>
            </TextLine>
            <TextLine id="r2l32" custom="readingOrder {index:31;}">
                <Coords points="1317,3518 1593,3487 1897,3522 2394,3505 2493,3455 2492,3391 2212,3434 2034,3398 1886,3440 1652,3411 1586,3439 1505,3391 1316,3443"/>
                <Baseline points="1325,3486 1383,3486 1441,3486 1499,3486 1557,3486 1615,3485 1673,3485 1731,3485 1789,3483 1847,3483 1905,3483 1963,3482 2021,3481 2079,3480 2137,3479 2195,3479 2253,3477 2311,3476 2369,3475 2427,3474 2486,3473"/>
                <TextEquiv>
                    <Unicode>canel ie intictemoa, caie in tictotocac</Unicode>
                </TextEquiv>
            </TextLine>
            <TextLine id="r2l33" custom="readingOrder {index:32;}">
                <Coords points="1312,3621 2458,3612 2465,3490 2030,3545 1310,3529"/>
                <Baseline points="1319,3594 1376,3594 1433,3593 1490,3591 1547,3591 1604,3590 1661,3590 1718,3590 1775,3588 1832,3588 1889,3588 1946,3587 2003,3587 2060,3585 2117,3584 2174,3582 2231,3581 2288,3579 2345,3576 2402,3573 2459,3570"/>
                <TextEquiv>
                    <Unicode>caiuhcano tlacotique, m motechiuh</Unicode>
                </TextEquiv>
            </TextLine>
            <TextLine id="r2l34" custom="readingOrder {index:33;}">
                <Coords points="1311,3720 1968,3752 2047,3709 2545,3697 2543,3632 2418,3611 2232,3649 1309,3634"/>
                <Baseline points="1319,3708 1379,3705 1440,3702 1501,3700 1562,3698 1623,3696 1684,3695 1745,3694 1806,3693 1867,3692 1928,3691 1988,3690 2049,3689 2110,3689 2171,3687 2232,3686 2293,3684 2354,3683 2415,3681 2476,3679 2537,3675"/>
                <TextEquiv>
                    <Unicode>caoan in veuetque, catçomomotlaque</Unicode>
                </TextEquiv>
            </TextLine>
            <TextLine id="r2l35" custom="readingOrder {index:34;}">
                <Coords points="1313,3857 1544,3807 1750,3841 1887,3806 2422,3828 2475,3820 2473,3719 2329,3703 2242,3754 2129,3710 1894,3757 1311,3753"/>
                <Baseline points="1320,3818 1377,3813 1434,3809 1491,3807 1549,3803 1606,3801 1663,3800 1721,3799 1778,3798 1835,3798 1893,3797 1950,3797 2007,3797 2064,3797 2122,3795 2179,3795 2236,3794 2294,3792 2351,3791 2408,3788 2466,3785"/>
                <TextEquiv>
                    <Unicode>oqujmomacaque in tlaihioutliztli:</Unicode>
                </TextEquiv>
            </TextLine>
            <TextLine id="r2l36" custom="readingOrder {index:35;}">
                <Coords points="1312,3952 1465,3903 2056,3944 2118,3905 2312,3905 2461,3946 2482,3839 2366,3813 2057,3847 2009,3814 1926,3850 1842,3813 1311,3857"/>
                <Baseline points="1320,3899 1377,3896 1435,3894 1493,3893 1550,3891 1608,3891 1666,3891 1723,3891 1781,3891 1839,3891 1897,3891 1954,3893 2012,3893 2070,3893 2127,3891 2185,3891 2243,3890 2300,3888 2358,3885 2416,3882 2474,3878"/>
                <TextEquiv>
                    <Unicode>xnjc amo oqujtlaçotlaque, mjntzon:</Unicode>
                </TextEquiv>
            </TextLine>
            <TextLine id="r2l37" custom="readingOrder {index:36;}">
                <Coords points="2394,4043 2411,4041 2440,4065 2448,4062 2458,4071 2478,4061 2501,4071 2503,4067 2512,4070 2523,4059 2531,4059 2528,4013 2516,4012 2501,3999 2463,3999 2448,3991 2427,4001 2406,3994 2390,4000"/>
                <Baseline points="2402,4049 2432,4048 2462,4044 2492,4040 2522,4043"/>
                <TextEquiv>
                    <Unicode>rr</Unicode>
                </TextEquiv>
            </TextLine>
            <TextEquiv>
                <Unicode>achujnatoria.
fo. 24.
Tiaque, in veli, in nenemjliztli, mjc oquj
tlamatataqujlitiaque, oqujtlaitlanj
Itiaque, in tloque, inaoxexuce, mjc
ixillati, icoicattan omomcaiauhtia
oite: auti itipe, maçuele, timaliuj, ma
xōcontitaulo en tlachiioviliztli, caie
toconmatiz, ie toconjxçaujz, ietoçon
cematiz in netolinjliztli, iapizmj
qujliztli, in teoaiujliztli, in amjqujliz
tli, matetzocoaqujliztli, iciammjquj
liztli: auh inel otlatlan, m motacatzin
in motlatoçaia: cujx atiemoqualtiz,
itlaxcalquappitztli, in tlaxçaltotopocti
tli, in totopuchtzintli, in tamaliçaçatzin
tli: auh cujxatecmjtiz in xocac atl, i
alchichic, in tlaelatl, matzoatl. Auh
intechtacitiuta, itechtipachiujtiuti, itech
timotzotzonatiuh in temamauhti atl,
mniuhquj colonj, miuhquj tetecujca
tiuti, xaxamacatiuh ic iauh, m moch
qujujca; qujtzineuhtiuti, vevez qua
ujtl: auh ca vncantiquezqujltiujtiz,
timatzaquaz, titlachiiouiz in mocuj
tlaxcoltica, in monatequjliztica: intla
ticmaujçez m uuhquj in nopiltze, ma
titlapinauhiti, matitlacueçuetlaxo, ma
timocioa tlamacati, ie xcicmocenma
ca, itlanxaquj, xicmotlaquam maca
ic xomotetzilo, n tlaihiioujliztli. tal
canel ie intictemoa, caie in tictotocac
caiuhcano tlacotique, m motechiuh
caoan in veuetque, catçomomotlaque
oqujmomacaque in tlaihioutliztli:
xnjc amo oqujtlaçotlaque, mjntzon:
rr</Unicode>
            </TextEquiv>
        </TextRegion>
    </Page>
</PcGts>
