2622 4156
195 -2 779 177 de la fiesta
65 229 1171 363 aspera, daos conella en la cara,
56 323 1213 469 enlas narizes, paraque os salga
64 435 1230 582 sangre: y si mas qujsieredes, agu
37 564 1177 702 ieraos la garganta con vntizon,
46 627 1214 769 paraque escopays, por alli: Aue
49 764 1195 897 go os que calleys, y os pongays
43 849 1169 1009 en vrā paz. Aunque desta
53 958 1203 1103 manera respondian ala muger
51 1074 1221 1228 que lo reprehendia, era por mos
58 1175 1241 1317 trar anjmo: que bien quedaua,
53 1258 1216 1422 lastimados, los mancebos, de las
50 1390 1246 1539 palabras de la muger, que auja
61 1463 1215 1648 repre hendido. Y despues dezian
59 1568 1211 1763 entre si, ofrozcola al diablo, la ve
58 1694 1268 1865 llacona, y como nos ha reprehendi
69 1796 1255 1964 do,tan de agudo: que nos ha las
57 1893 1272 2065 timado, el coraçon, con sus palabras:
62 2007 1220 2188 amigos, menester es, que vamos a
56 2106 1217 2285 hazer alguna cosa, conque nos ten
59 2224 1232 2385 gan en algo. Despues que aujan
74 2316 1203 2453 lleuado, alcu, las macorcas de
68 2433 1272 2592 mahiz, bolujan las asus casas, echa
77 2544 1231 2674 uanlas, enel hondon, de la troxē
57 2639 1244 2833 dezian: que era el coraçon de la
61 2766 1249 2903 troxe: y enel tiempo del sembrar
57 2875 1251 3024 sacauan las para sembrar, el ma
48 2974 1253 3136 hiz dellas serujan de semjlla. Esta
57 3107 1255 3272 fiesta, hazian a honrra de la diosa,
59 3238 1241 3346 llamada chicume coatl: la qual imo
54 3328 1237 3497 ginauan como muger, y dezian,
57 3443 1246 3590 que ella, era la quedaua, los man
45 3551 1251 3694 tenjmientos del cuerpo, para con
49 3644 1249 3791 seruar la vida humana: porque
45 3761 1241 3920 qualqujera, que le falta, los man
1570 -2 1962 178 Toçoztli.
2328 52 2581 194 fo. 20.
1326 234 2495 374 leoa, ic teiollotzicujnia in cioa, in
1310 351 2488 478 iaoc. Ca qujtloa, in toqujchti, eço
1312 449 2505 568 tecoco, yn jntlatol cioa, eço teiittic
1323 550 2475 690 acic in cioatlatolli, caotiiaque,
1330 661 2469 806 ca otiqujtoque, yn ahtinemiz
1327 788 2437 916 que: aço itla tomaceoal tocnj
1316 854 2480 989 uhtze. Auh in qujmamatiuj in
1336 970 2480 1081 cicinteteuh, yn oqujtquja iteu
1337 1058 2505 1203 pan chicome coatl, tlaiollotl mu
1341 1176 2478 1322 chioa; in cuezcomaiollo muchi
1328 1280 2480 1419 oa, cuezcomac contema. Auh
1342 1407 2479 1527 yn iquac totoco, in ie toquizpā,
1333 1501 2482 1647 iehoatl qujtocaia, qujxinachi
1332 1615 2536 1756 oaia, qujxinachioa. Auh injn
1330 1708 2488 1875 qujlhujtlaltia, qujlhujchiujlia
1347 1834 2494 1987 in chicome coatl: iuhqujn cioatl
1350 1918 2496 2086 qujtlaliaia ixiptla. Qujtoaia, ca
1334 2036 2488 2166 uel iehoatl, in tonacaiutl: iuhq̄n
1326 2132 2496 2263 ma qujtoznequj, ca nel tonacaio,
1333 2255 2479 2369 tonenca, ic tiioltinemj, tooapa
1326 2332 2490 2466 oaca: in tlacamo iehoatl, cata
1335 2434 2515 2575 pizmiquizque. Ca yn aqujn atle
1339 2544 2486 2696 qujqua tlaxcalli, canjman ço
1350 2651 2483 2775 tlaoa, vetzi, meciuhtiuetzi, y
1334 2743 2463 2883 nacaz, yicaoaxa, tlaioalli ipā
1333 2872 2456 2975 momana: yoan mjtoa, ca in
1338 2949 2487 3079 iehoatl chicome coatl, caqujchi
1333 3059 2498 3187 oa yn ixqujch tonacaiutl: in iz
1336 3159 2461 3288 tac tlaolli, in coztic tlaolli, in
1321 3261 2455 3396 xiuhtoctli, yiaujtl, yiauhne
1330 3389 2513 3508 nel, iauhcacalquj, tlaolpatlach
1332 3487 2484 3614 tli, in totolontic, in tlaolpicilli,
1333 3590 2491 3723 tlaolpitzaoac: in xochicintli, y
1333 3723 2489 3852 Jnjn iuhqujn ezoaoanquj, ezcuj
1303 3822 2539 3958 cujltic: njman iee in quappachcin
