<?xml version="1.0" encoding="UTF-8" standalone="yes"?>
<PcGts xmlns="http://schema.primaresearch.org/PAGE/gts/pagecontent/2013-07-15" xmlns:xsi="http://www.w3.org/2001/XMLSchema-instance" xsi:schemaLocation="http://schema.primaresearch.org/PAGE/gts/pagecontent/2013-07-15 http://schema.primaresearch.org/PAGE/gts/pagecontent/2013-07-15/pagecontent.xsd">
    <Metadata>
        <Creator>prov=University of Rostock/Institute of Mathematics/CITlab|PLANET AI GmbH/Gundram Leifert/gundram.leifert@planet-ai.de:name=Florentine Codex(htr_id=24784)::::v=2.6.6
prov=University of Rostock/Institute of Mathematics/CITlab|PLANET AI GmbH/Tobias Gruening/tobias.gruening@planet-ai.de:name=de.uros.citlab.module.baseline2polygon.B2PSeamMultiOriented:v=2.6.6
prov=University of Rostock/Institute of Mathematics/CITlab|PLANET AI GmbH/Tobias Gruening/tobias.gruening@planet-ai.de:name=/net_tf/LA73_249_0mod360.pb:de.uros.citlab.segmentation.CITlab_LA_ML:v=2.6.6
Transkribus</Creator>
        <Created>2020-06-23T15:23:58.777-07:00</Created>
        <LastChange>2020-06-24T08:33:07.736+02:00</LastChange>
    </Metadata>
    <Page imageFilename="FC_Vol_1_576.png" imageWidth="2650" imageHeight="4110">
        <ReadingOrder>
            <OrderedGroup id="ro_1596736969561" caption="Regions reading order">
                <RegionRefIndexed index="0" regionRef="r1"/>
                <RegionRefIndexed index="1" regionRef="r2"/>
            </OrderedGroup>
        </ReadingOrder>
        <TextRegion orientation="0.0" id="r1" custom="readingOrder {index:0;}">
            <Coords points="131,170 131,3936 1419,3936 1419,170"/>
            <TextLine id="r1l1" custom="readingOrder {index:0;}">
                <Coords points="567,287 690,270 771,281 829,263 883,282 980,251 977,110 896,121 834,88 711,140 626,102 563,104"/>
                <Baseline points="573,231 599,230 626,230 652,230 679,230 706,230 732,230 759,230 785,230 812,228 839,228 865,227 892,226 918,224 945,222 972,219"/>
                <TextEquiv>
                    <Unicode>L.ibto.</Unicode>
                </TextEquiv>
            </TextLine>
            <TextLine id="r1l2" custom="readingOrder {index:1;}">
                <Coords points="124,450 1276,431 1295,297 1105,319 993,273 678,364 466,320 122,368"/>
                <Baseline points="131,432 188,428 246,425 304,423 362,420 420,419 478,419 536,417 594,417 652,417 710,417 767,417 825,417 883,416 941,416 999,414 1057,413 1115,410 1173,407 1231,403 1289,398"/>
                <TextEquiv>
                    <Unicode>honrrados, y ricos, sinalmēte</Unicode>
                </TextEquiv>
            </TextLine>
            <TextLine id="r1l3" custom="readingOrder {index:2;}">
                <Coords points="130,582 205,543 299,569 392,530 521,555 808,517 1051,555 1120,515 1266,519 1264,424 126,483"/>
                <Baseline points="135,543 191,537 247,532 303,528 359,525 416,523 472,521 528,518 584,516 640,515 697,513 753,512 809,510 865,509 921,507 978,506 1034,504 1090,501 1146,499 1202,495 1259,492"/>
                <TextEquiv>
                    <Unicode>pobrezito mancabo: si alguna</Unicode>
                </TextEquiv>
            </TextLine>
            <TextLine id="r1l4" custom="readingOrder {index:3;}">
                <Coords points="128,658 1310,633 1277,525 125,582"/>
                <Baseline points="134,638 192,635 250,630 309,627 367,624 425,622 484,620 542,618 600,616 659,614 717,614 775,611 834,610 892,608 950,606 1009,604 1067,600 1125,597 1184,593 1242,589 1301,584"/>
                <TextEquiv>
                    <Unicode>buenauen tura, os a de dar nu</Unicode>
                </TextEquiv>
            </TextLine>
            <TextLine id="r1l5" custom="readingOrder {index:4;}">
                <Coords points="133,739 1131,752 1301,731 1298,638 1092,630 1044,670 785,638 621,678 254,647 131,693"/>
                <Baseline points="141,737 198,732 256,729 313,725 371,723 428,720 486,719 543,717 601,717 658,715 716,714 774,713 831,711 889,710 946,708 1004,706 1061,704 1119,700 1176,696 1234,693 1292,687"/>
                <TextEquiv>
                    <Unicode>estro señor: si nuestro señor</Unicode>
                </TextEquiv>
            </TextLine>
            <TextLine id="r1l6" custom="readingOrder {index:5;}">
                <Coords points="126,865 583,828 785,869 886,818 947,867 1066,824 1315,845 1310,738 1251,725 820,777 698,721 592,775 539,735 442,778 311,743 123,790"/>
                <Baseline points="132,845 190,840 249,836 307,833 366,830 425,828 483,825 542,824 600,822 659,821 718,819 776,818 835,816 893,813 952,812 1011,808 1069,804 1128,801 1186,797 1245,791 1304,785"/>
                <TextEquiv>
                    <Unicode>te tiene en algo: primero fae</Unicode>
                </TextEquiv>
            </TextLine>
            <TextLine id="r1l7" custom="readingOrder {index:6;}">
                <Coords points="130,956 1287,939 1321,932 1319,842 128,885"/>
                <Baseline points="137,938 195,935 254,933 313,931 372,929 431,929 489,927 548,926 607,926 666,924 725,924 783,923 842,921 901,920 960,918 1019,915 1077,912 1136,909 1195,905 1254,900 1313,894"/>
                <TextEquiv>
                    <Unicode>conujene: que exparimentes</Unicode>
                </TextEquiv>
            </TextLine>
            <TextLine id="r1l8" custom="readingOrder {index:7;}">
                <Coords points="129,1060 317,1081 380,1047 472,1095 637,1045 938,1076 1012,1030 1297,1042 1294,939 1231,932 1044,982 695,957 450,994 292,957 128,988"/>
                <Baseline points="137,1046 194,1044 252,1044 309,1044 367,1043 425,1043 482,1041 540,1041 597,1040 655,1040 713,1038 770,1037 828,1035 885,1034 943,1032 1001,1030 1058,1028 1116,1025 1173,1023 1231,1020 1289,1016"/>
                <TextEquiv>
                    <Unicode>trabajos, y pobrezas, y sufras</Unicode>
                </TextEquiv>
            </TextLine>
            <TextLine id="r1l9" custom="readingOrder {index:8;}">
                <Coords points="146,1196 315,1202 414,1145 1312,1154 1309,1068 779,1054 707,1088 601,1050 531,1108 142,1084"/>
                <Baseline points="152,1161 209,1160 267,1158 324,1156 382,1154 440,1152 497,1150 555,1148 612,1145 670,1143 728,1140 785,1139 843,1136 900,1134 958,1132 1016,1130 1073,1128 1131,1127 1188,1126 1246,1125 1304,1125"/>
                <TextEquiv>
                    <Unicode>fatigas in tolerables : como se o</Unicode>
                </TextEquiv>
            </TextLine>
            <TextLine id="r1l10" custom="readingOrder {index:9;}">
                <Coords points="152,1300 557,1294 714,1247 1120,1281 1301,1258 1297,1171 1151,1136 783,1193 545,1161 148,1216"/>
                <Baseline points="158,1280 214,1277 271,1275 328,1272 385,1269 441,1267 498,1263 555,1260 612,1258 668,1254 725,1251 782,1248 839,1245 895,1244 952,1241 1009,1239 1066,1236 1122,1236 1179,1235 1236,1235 1293,1235"/>
                <TextEquiv>
                    <Unicode>frecen a los que andan de pue</Unicode>
                </TextEquiv>
            </TextLine>
            <TextLine id="r1l11" custom="readingOrder {index:10;}">
                <Coords points="144,1388 423,1409 486,1370 704,1397 779,1356 858,1385 965,1355 1022,1393 1095,1349 1321,1337 1318,1264 1267,1248 1115,1288 1000,1255 141,1302"/>
                <Baseline points="152,1382 210,1380 268,1377 326,1375 384,1372 442,1370 500,1367 558,1364 616,1362 674,1359 733,1356 791,1355 849,1352 907,1350 965,1348 1023,1346 1081,1344 1139,1343 1197,1343 1255,1341 1314,1341"/>
                <TextEquiv>
                    <Unicode>blo, en pueblo: que son grandes</Unicode>
                </TextEquiv>
            </TextLine>
            <TextLine id="r1l12" custom="readingOrder {index:11;}">
                <Coords points="169,1509 492,1473 693,1518 971,1453 1248,1476 1320,1443 1319,1398 1179,1355 1123,1390 780,1384 646,1434 516,1391 165,1395"/>
                <Baseline points="176,1487 232,1483 289,1480 346,1476 403,1473 460,1471 517,1469 573,1467 630,1466 687,1464 744,1463 801,1461 858,1460 915,1460 971,1458 1028,1456 1085,1454 1142,1452 1199,1449 1256,1446 1313,1443"/>
                <TextEquiv>
                    <Unicode>cansancios, y grandes sudores</Unicode>
                </TextEquiv>
            </TextLine>
            <TextLine id="r1l13" custom="readingOrder {index:12;}">
                <Coords points="178,1613 369,1581 548,1612 623,1574 873,1613 1122,1550 1361,1571 1373,1496 1123,1462 673,1519 588,1482 267,1479 175,1520"/>
                <Baseline points="185,1590 244,1586 303,1581 362,1578 421,1576 480,1574 539,1572 598,1571 657,1569 716,1568 776,1567 835,1566 894,1565 953,1565 1012,1563 1071,1562 1130,1560 1189,1559 1248,1556 1307,1553 1367,1550"/>
                <TextEquiv>
                    <Unicode>y grandes frios, y grandes calores</Unicode>
                </TextEquiv>
            </TextLine>
            <TextLine id="r1l14" custom="readingOrder {index:13;}">
                <Coords points="164,1692 396,1719 705,1668 829,1716 873,1679 997,1708 1192,1671 1238,1709 1313,1655 1354,1672 1353,1595 972,1582 858,1620 784,1590 749,1623 630,1577 548,1613 324,1584 164,1665"/>
                <Baseline points="171,1686 229,1683 288,1680 347,1678 406,1676 465,1674 523,1674 582,1673 641,1673 700,1673 759,1671 817,1671 876,1671 935,1670 994,1670 1053,1668 1111,1667 1170,1664 1229,1661 1288,1658 1347,1653"/>
                <TextEquiv>
                    <Unicode>andareys lleno de poluo, fatigar</Unicode>
                </TextEquiv>
            </TextLine>
            <TextLine id="r1l15" custom="readingOrder {index:14;}">
                <Coords points="179,1816 480,1790 588,1828 658,1785 947,1805 1085,1773 1217,1813 1338,1796 1337,1708 177,1696"/>
                <Baseline points="185,1784 242,1784 299,1782 356,1782 414,1781 471,1781 528,1779 586,1779 643,1778 700,1778 758,1776 815,1776 872,1775 929,1775 987,1773 1044,1772 1101,1772 1159,1770 1216,1770 1273,1769 1331,1767"/>
                <TextEquiv>
                    <Unicode>os a el mecapal en ta fiente, y re</Unicode>
                </TextEquiv>
            </TextLine>
            <TextLine id="r1l16" custom="readingOrder {index:15;}">
                <Coords points="169,1915 241,1886 396,1943 687,1878 782,1917 1024,1870 1265,1894 1333,1885 1332,1803 1179,1816 1093,1776 1014,1817 713,1792 387,1835 327,1792 168,1833"/>
                <Baseline points="177,1892 234,1890 291,1889 349,1887 406,1885 464,1884 521,1882 579,1881 636,1879 694,1877 751,1877 808,1875 866,1874 923,1873 981,1872 1038,1872 1096,1871 1153,1871 1211,1871 1268,1871 1326,1871"/>
                <TextEquiv>
                    <Unicode>is limpiando el sudor de la ca</Unicode>
                </TextEquiv>
            </TextLine>
            <TextLine id="r1l17" custom="readingOrder {index:16;}">
                <Coords points="166,2010 1338,1997 1313,1899 916,1938 808,1900 673,1940 541,1907 334,1970 163,1946"/>
                <Baseline points="174,2001 231,2003 289,2003 347,2003 404,2001 462,2000 520,1997 577,1995 635,1991 693,1989 751,1985 808,1982 866,1978 924,1974 981,1971 1039,1967 1097,1964 1154,1961 1212,1957 1270,1955 1328,1952"/>
                <TextEquiv>
                    <Unicode>ra, con las manos: augmentar</Unicode>
                </TextEquiv>
            </TextLine>
            <TextLine id="r1l18" custom="readingOrder {index:17;}">
                <Coords points="183,2138 526,2091 1347,2103 1342,1998 952,2042 807,1996 621,2046 544,2014 275,2057 177,2028"/>
                <Baseline points="189,2115 246,2109 303,2104 361,2100 418,2095 476,2092 533,2088 590,2086 648,2083 705,2081 763,2079 820,2076 877,2075 935,2072 992,2070 1050,2067 1107,2064 1164,2061 1222,2058 1279,2054 1337,2049"/>
                <TextEquiv>
                    <Unicode>sea vuestro trabajo, enque sere</Unicode>
                </TextEquiv>
            </TextLine>
            <TextLine id="r1l19" custom="readingOrder {index:18;}">
                <Coords points="182,2228 836,2187 1337,2212 1366,2102 177,2137"/>
                <Baseline points="189,2216 247,2210 306,2205 364,2201 423,2197 482,2193 540,2190 599,2187 657,2186 716,2183 775,2180 833,2178 892,2175 950,2174 1009,2171 1068,2169 1126,2165 1185,2162 1243,2158 1302,2154 1361,2150"/>
                <TextEquiv>
                    <Unicode>is compelido adormjr al rincon,</Unicode>
                </TextEquiv>
            </TextLine>
            <TextLine id="r1l20" custom="readingOrder {index:19;}">
                <Coords points="174,2356 340,2308 1352,2312 1348,2207 878,2214 761,2254 685,2203 548,2254 320,2227 170,2258"/>
                <Baseline points="179,2309 237,2309 295,2307 353,2306 412,2304 470,2303 528,2301 586,2298 645,2295 703,2292 761,2289 819,2286 878,2283 936,2281 994,2279 1052,2276 1111,2274 1169,2273 1227,2271 1285,2271 1344,2271"/>
                <TextEquiv>
                    <Unicode>y detras de la puerta de casas</Unicode>
                </TextEquiv>
            </TextLine>
            <TextLine id="r1l21" custom="readingOrder {index:20;}">
                <Coords points="187,2427 258,2454 380,2412 486,2455 529,2420 854,2408 908,2454 989,2406 1343,2415 1339,2310 1300,2293 185,2359"/>
                <Baseline points="194,2414 251,2412 308,2409 365,2408 422,2406 479,2403 536,2402 593,2400 650,2399 707,2397 764,2395 821,2393 878,2391 935,2389 992,2387 1049,2385 1106,2382 1163,2381 1220,2378 1277,2376 1334,2373"/>
                <TextEquiv>
                    <Unicode>agenas, y alli estareys cabizba</Unicode>
                </TextEquiv>
            </TextLine>
            <TextLine id="r1l22" custom="readingOrder {index:21;}">
                <Coords points="187,2531 353,2562 401,2517 506,2518 578,2557 827,2507 941,2559 1361,2507 1359,2432 1242,2411 1128,2447 1041,2419 902,2453 853,2409 731,2460 591,2423 186,2471"/>
                <Baseline points="194,2517 251,2516 309,2513 367,2512 425,2510 483,2510 541,2508 599,2508 657,2507 715,2507 773,2505 830,2504 888,2504 946,2502 1004,2501 1062,2499 1120,2497 1178,2495 1236,2492 1294,2489 1352,2486"/>
                <TextEquiv>
                    <Unicode>xo, y auergonçado, y trendreys</Unicode>
                </TextEquiv>
            </TextLine>
            <TextLine id="r1l23" custom="readingOrder {index:22;}">
                <Coords points="188,2659 412,2625 463,2665 538,2636 644,2672 841,2619 1279,2634 1328,2616 1326,2543 185,2573"/>
                <Baseline points="195,2646 251,2639 307,2633 363,2628 419,2624 476,2621 532,2619 588,2618 644,2616 700,2615 757,2615 813,2615 869,2615 925,2613 981,2613 1038,2612 1094,2610 1150,2607 1206,2604 1262,2600 1319,2595"/>
                <TextEquiv>
                    <Unicode>la barriga pegada a las costil</Unicode>
                </TextEquiv>
            </TextLine>
            <TextLine id="r1l24" custom="readingOrder {index:23;}">
                <Coords points="189,2766 428,2733 800,2778 878,2727 1129,2782 1168,2744 1346,2738 1318,2620 798,2685 676,2652 186,2667"/>
                <Baseline points="197,2748 254,2744 311,2741 368,2738 425,2735 482,2733 539,2732 596,2730 653,2729 710,2727 767,2726 824,2724 881,2722 938,2720 995,2718 1052,2716 1109,2713 1166,2709 1223,2706 1280,2702 1337,2697"/>
                <TextEquiv>
                    <Unicode>las de hambre, y andareys de</Unicode>
                </TextEquiv>
            </TextLine>
            <TextLine id="r1l25" custom="readingOrder {index:24;}">
                <Coords points="185,2890 369,2846 576,2880 847,2840 1334,2851 1331,2742 1295,2720 1121,2779 913,2739 841,2791 765,2748 493,2789 389,2751 183,2802"/>
                <Baseline points="191,2843 247,2841 304,2840 361,2838 417,2838 474,2837 531,2835 587,2835 644,2834 701,2834 758,2832 814,2831 871,2831 928,2828 984,2826 1041,2825 1098,2822 1154,2819 1211,2816 1268,2811 1325,2807"/>
                <TextEquiv>
                    <Unicode>pueblo, en pueblo discorriendo.</Unicode>
                </TextEquiv>
            </TextLine>
            <TextLine id="r1l26" custom="readingOrder {index:25;}">
                <Coords points="197,2996 874,2962 1029,2999 1379,2954 1359,2853 1201,2891 1046,2855 818,2912 710,2878 193,2889"/>
                <Baseline points="204,2985 262,2981 320,2977 378,2973 437,2970 495,2967 553,2966 612,2964 670,2963 728,2962 787,2961 845,2960 903,2960 961,2958 1020,2957 1078,2955 1136,2952 1195,2949 1253,2946 1311,2942 1370,2937"/>
                <TextEquiv>
                    <Unicode> demas desto, os afligira la du</Unicode>
                </TextEquiv>
            </TextLine>
            <TextLine id="r1l27" custom="readingOrder {index:26;}">
                <Coords points="212,3094 634,3099 716,3062 1258,3085 1361,3069 1360,2988 276,2993 211,3024"/>
                <Baseline points="219,3077 275,3075 332,3074 389,3074 445,3072 502,3072 559,3072 615,3072 672,3072 729,3072 786,3072 842,3072 899,3072 956,3071 1012,3070 1069,3069 1126,3067 1182,3065 1239,3062 1296,3058 1353,3054"/>
                <TextEquiv>
                    <Unicode>da, de la venta de vuestras mer</Unicode>
                </TextEquiv>
            </TextLine>
            <TextLine id="r1l28" custom="readingOrder {index:27;}">
                <Coords points="204,3186 535,3188 577,3226 646,3188 722,3220 1128,3193 1371,3165 1369,3077 405,3122 359,3092 203,3145"/>
                <Baseline points="212,3182 269,3180 327,3180 384,3179 442,3179 500,3179 557,3179 615,3179 672,3179 730,3179 788,3179 845,3177 903,3177 960,3176 1018,3173 1076,3171 1133,3168 1191,3164 1248,3159 1306,3155 1364,3147"/>
                <TextEquiv>
                    <Unicode>caderias: que poruentura no se</Unicode>
                </TextEquiv>
            </TextLine>
            <TextLine id="r1l29" custom="readingOrder {index:28;}">
                <Coords points="197,3316 884,3290 930,3326 1072,3288 1126,3332 1226,3277 1377,3270 1376,3194 195,3216"/>
                <Baseline points="204,3284 262,3284 320,3285 378,3285 437,3287 495,3288 553,3290 612,3290 670,3291 728,3291 787,3291 845,3291 903,3291 961,3290 1020,3287 1078,3285 1136,3281 1195,3277 1253,3272 1311,3266 1370,3258"/>
                <TextEquiv>
                    <Unicode>venderan. E desto tendreys tris</Unicode>
                </TextEquiv>
            </TextLine>
            <TextLine id="r1l30" custom="readingOrder {index:29;}">
                <Coords points="218,3411 325,3402 418,3460 652,3388 915,3418 1301,3393 1398,3378 1396,3308 1126,3332 1050,3293 793,3342 558,3312 432,3357 341,3325 216,3354"/>
                <Baseline points="224,3392 282,3394 340,3396 399,3396 457,3398 515,3398 574,3396 632,3396 690,3395 749,3393 807,3391 865,3389 924,3386 982,3384 1040,3382 1099,3380 1157,3377 1215,3374 1274,3372 1332,3369 1391,3366"/>
                <TextEquiv>
                    <Unicode>teza, y lloro: antesgalcanceis al</Unicode>
                </TextEquiv>
            </TextLine>
            <TextLine id="r1l31" custom="readingOrder {index:30;}">
                <Coords points="215,3561 373,3502 685,3536 1390,3492 1371,3417 750,3450 621,3414 430,3480 370,3440 211,3440"/>
                <Baseline points="221,3503 279,3504 337,3504 395,3504 453,3504 511,3504 569,3504 627,3504 685,3503 743,3501 801,3500 859,3499 917,3497 975,3495 1033,3492 1091,3489 1149,3486 1207,3482 1265,3477 1323,3473 1382,3468"/>
                <TextEquiv>
                    <Unicode>gun caudal, o buenauentura:</Unicode>
                </TextEquiv>
            </TextLine>
            <TextLine id="r1l32" custom="readingOrder {index:31;}">
                <Coords points="220,3649 321,3671 496,3624 555,3659 774,3614 826,3642 920,3605 1003,3645 1222,3584 1391,3624 1389,3508 1026,3549 524,3524 217,3576"/>
                <Baseline points="227,3621 284,3620 342,3617 400,3614 458,3612 516,3611 573,3609 631,3608 689,3606 747,3605 805,3603 862,3602 920,3599 978,3597 1036,3594 1094,3591 1151,3586 1209,3582 1267,3577 1325,3570 1383,3563"/>
                <TextEquiv>
                    <Unicode>aueys deser afligido, y trabaja</Unicode>
                </TextEquiv>
            </TextLine>
            <TextLine id="r1l33" custom="readingOrder {index:32;}">
                <Coords points="209,3736 1077,3743 1152,3701 1397,3694 1394,3623 1348,3619 1149,3655 1072,3626 206,3649"/>
                <Baseline points="216,3734 274,3731 333,3728 391,3726 450,3725 509,3723 567,3722 626,3722 684,3720 743,3720 802,3719 860,3717 919,3716 977,3714 1036,3711 1095,3708 1153,3704 1212,3700 1270,3694 1329,3688 1388,3680"/>
                <TextEquiv>
                    <Unicode>do, hasta lo vltimo de potencia:</Unicode>
                </TextEquiv>
            </TextLine>
            <TextLine id="r1l34" custom="readingOrder {index:33;}">
                <Coords points="203,3883 389,3824 1275,3823 1396,3773 1394,3727 201,3769"/>
                <Baseline points="210,3828 272,3825 334,3823 396,3821 458,3819 520,3819 582,3818 644,3818 706,3816 768,3816 830,3815 892,3815 954,3813 1016,3812 1078,3810 1140,3807 1202,3804 1264,3800 1326,3796 1389,3791"/>
                <TextEquiv>
                    <Unicode>y allende desto muchas vezes</Unicode>
                </TextEquiv>
            </TextLine>
            <TextLine id="r1l35" custom="readingOrder {index:34;}">
                <Coords points="214,3925 643,3948 879,3899 989,3942 1076,3897 1283,3894 1353,3926 1428,3892 1424,3766 1179,3838 375,3830 212,3868"/>
                <Baseline points="221,3915 280,3915 340,3914 400,3912 460,3912 520,3911 580,3910 640,3909 700,3908 760,3906 820,3905 879,3902 939,3900 999,3897 1059,3895 1119,3891 1179,3888 1239,3884 1299,3879 1359,3875 1419,3869"/>
                <TextEquiv>
                    <Unicode>os sera necesario dormjr, en algu</Unicode>
                </TextEquiv>
            </TextLine>
            <TextEquiv>
                <Unicode>L.ibto.
honrrados, y ricos, sinalmēte
pobrezito mancabo: si alguna
buenauen tura, os a de dar nu
estro señor: si nuestro señor
te tiene en algo: primero fae
conujene: que exparimentes
trabajos, y pobrezas, y sufras
fatigas in tolerables : como se o
frecen a los que andan de pue
blo, en pueblo: que son grandes
cansancios, y grandes sudores
y grandes frios, y grandes calores
andareys lleno de poluo, fatigar
os a el mecapal en ta fiente, y re
is limpiando el sudor de la ca
ra, con las manos: augmentar
sea vuestro trabajo, enque sere
is compelido adormjr al rincon,
y detras de la puerta de casas
agenas, y alli estareys cabizba
xo, y auergonçado, y trendreys
la barriga pegada a las costil
las de hambre, y andareys de
pueblo, en pueblo discorriendo.
 demas desto, os afligira la du
da, de la venta de vuestras mer
caderias: que poruentura no se
venderan. E desto tendreys tris
teza, y lloro: antesgalcanceis al
gun caudal, o buenauentura:
aueys deser afligido, y trabaja
do, hasta lo vltimo de potencia:
y allende desto muchas vezes
os sera necesario dormjr, en algu</Unicode>
            </TextEquiv>
        </TextRegion>
        <TextRegion orientation="0.0" id="r2" custom="readingOrder {index:1;}">
            <Coords points="1380,178 1380,3888 2622,3888 2622,178"/>
            <TextLine id="r2l1" custom="readingOrder {index:0;}">
                <Coords points="1479,274 1501,284 1510,278 1530,284 1597,230 1612,242 1649,239 1648,183 1620,181 1567,133 1543,149 1535,144 1504,160 1495,154 1477,157"/>
                <Baseline points="1485,230 1511,233 1537,231 1563,229 1589,228 1615,229 1641,233"/>
                <TextEquiv>
                    <Unicode>A.</Unicode>
                </TextEquiv>
            </TextLine>
            <TextLine id="r2l2" custom="readingOrder {index:1;}">
                <Coords points="1382,426 2470,413 2530,377 2528,290 2460,264 2321,325 1818,286 1697,335 1380,339"/>
                <Baseline points="1389,402 1445,401 1502,399 1559,398 1615,396 1672,395 1729,394 1785,393 1842,392 1899,391 1956,390 2012,389 2069,387 2126,386 2182,385 2239,384 2296,381 2352,380 2409,378 2466,375 2523,372"/>
                <TextEquiv>
                    <Unicode>tezon, yn jmolchiqujuh, caamo cacuj</Unicode>
                </TextEquiv>
            </TextLine>
            <TextLine id="r2l3" custom="readingOrder {index:2;}">
                <Coords points="1377,542 1479,496 1548,527 1785,501 1858,540 1995,487 2417,510 2543,474 2542,417 2118,436 1990,403 1588,448 1500,407 1375,464"/>
                <Baseline points="1383,503 1440,496 1498,491 1555,488 1613,485 1671,483 1728,482 1786,480 1843,480 1901,479 1959,479 2016,479 2074,479 2131,477 2189,477 2247,476 2304,474 2362,471 2419,470 2477,465 2535,461"/>
                <TextEquiv>
                    <Unicode>que, qujnencujque, mjc oqujttaque:</Unicode>
                </TextEquiv>
            </TextLine>
            <TextLine id="r2l4" custom="readingOrder {index:3;}">
                <Coords points="1374,636 1561,591 2532,602 2500,473 2366,521 1858,540 1739,499 1684,538 1600,505 1500,553 1371,543"/>
                <Baseline points="1380,608 1437,602 1494,597 1551,593 1608,588 1665,587 1722,584 1780,582 1837,581 1894,579 1951,578 2008,576 2065,575 2122,573 2180,572 2237,570 2294,566 2351,563 2408,559 2465,554 2523,548"/>
                <TextEquiv>
                    <Unicode>in tachcauhioti, in veueiotl, mjc iepe</Unicode>
                </TextEquiv>
            </TextLine>
            <TextLine id="r2l5" custom="readingOrder {index:4;}">
                <Coords points="1384,714 2284,712 2353,672 2447,689 2518,648 2516,596 1856,637 1786,599 1744,634 1381,647"/>
                <Baseline points="1392,707 1450,702 1509,696 1568,692 1627,689 1686,685 1745,683 1804,681 1863,680 1922,678 1980,677 2039,675 2098,673 2157,671 2216,668 2275,666 2334,662 2393,657 2452,652 2511,647"/>
                <TextEquiv>
                    <Unicode>tlati, ie tepalti, mjc ie contl anevi injn</Unicode>
                </TextEquiv>
            </TextLine>
            <TextLine id="r2l6" custom="readingOrder {index:5;}">
                <Coords points="1388,836 1722,845 1819,796 1943,830 2210,765 2467,763 2543,739 2540,674 2486,652 2448,689 1970,736 1547,714 1384,758"/>
                <Baseline points="1395,810 1452,804 1509,799 1566,795 1623,792 1680,789 1737,786 1794,785 1851,783 1908,781 1965,779 2022,776 2079,774 2136,772 2193,769 2250,765 2307,760 2364,755 2421,749 2478,742 2535,734"/>
                <TextEquiv>
                    <Unicode>petl, mj mjcpal inpuehteca. f. Auhin</Unicode>
                </TextEquiv>
            </TextLine>
            <TextLine id="r2l7" custom="readingOrder {index:6;}">
                <Coords points="1391,932 2099,918 2217,853 2472,853 2531,829 2526,758 2352,761 2265,826 2192,774 2083,826 1649,818 1388,873"/>
                <Baseline points="1398,918 1454,911 1510,906 1566,902 1623,897 1679,894 1735,891 1791,889 1848,887 1904,884 1960,882 2016,879 2073,877 2129,875 2185,870 2241,867 2298,862 2354,856 2410,849 2466,841 2523,831"/>
                <TextEquiv>
                    <Unicode>o, timotounja telpuchtle itlantla</Unicode>
                </TextEquiv>
            </TextLine>
            <TextLine id="r2l8" custom="readingOrder {index:7;}">
                <Coords points="1390,1060 1816,1058 2052,1030 2117,980 2524,968 2525,856 1831,948 1716,920 1382,957"/>
                <Baseline points="1395,1020 1451,1017 1507,1014 1564,1010 1620,1007 1677,1004 1733,1000 1789,998 1846,993 1902,990 1959,986 2015,983 2071,980 2128,975 2184,971 2241,966 2297,961 2353,956 2410,949 2466,942 2523,936"/>
                <TextEquiv>
                    <Unicode>mocnopul, momaceoal mochioaz, in</Unicode>
                </TextEquiv>
            </TextLine>
            <TextLine id="r2l9" custom="readingOrder {index:8;}">
                <Coords points="1390,1150 1985,1145 2133,1079 2301,1101 2548,1060 2515,962 2412,1014 2354,972 2170,975 2050,1040 1383,1065"/>
                <Baseline points="1395,1128 1452,1125 1509,1121 1566,1116 1623,1113 1680,1109 1737,1104 1795,1101 1852,1097 1909,1093 1966,1088 2023,1083 2080,1080 2137,1075 2195,1070 2252,1066 2309,1060 2366,1055 2423,1049 2480,1044 2538,1038"/>
                <TextEquiv>
                    <Unicode>tlaicla ipan mjtzpoaz totecujo: ca oō</Unicode>
                </TextEquiv>
            </TextLine>
            <TextLine id="r2l10" custom="readingOrder {index:9;}">
                <Coords points="1393,1260 1539,1269 1640,1225 1753,1268 1867,1205 2446,1190 2568,1169 2561,1072 2403,1070 2253,1139 1387,1181"/>
                <Baseline points="1398,1232 1456,1227 1514,1223 1572,1219 1630,1215 1688,1212 1746,1208 1804,1205 1862,1202 1920,1198 1978,1194 2036,1190 2094,1186 2152,1182 2210,1178 2268,1173 2326,1168 2384,1163 2442,1159 2500,1153 2558,1148"/>
                <TextEquiv>
                    <Unicode>toçonjttaz, octoconmaujcoz mtecoca,</Unicode>
                </TextEquiv>
            </TextLine>
            <TextLine id="r2l11" custom="readingOrder {index:10;}">
                <Coords points="1401,1350 1591,1340 1676,1391 1751,1329 2327,1295 2398,1323 2530,1276 2526,1208 2389,1171 2203,1229 1993,1208 1930,1265 1633,1232 1397,1291"/>
                <Baseline points="1407,1341 1462,1338 1518,1334 1574,1330 1630,1326 1686,1323 1741,1320 1797,1316 1853,1313 1909,1311 1965,1307 2020,1304 2076,1301 2132,1298 2188,1295 2244,1291 2299,1288 2355,1284 2411,1281 2467,1277 2523,1274"/>
                <TextEquiv>
                    <Unicode>i tetolinj, in auecoliztli, in teiacacpa</Unicode>
                </TextEquiv>
            </TextLine>
            <TextLine id="r2l12" custom="readingOrder {index:11;}">
                <Coords points="1416,1517 1567,1506 1622,1451 1847,1431 1956,1463 2082,1408 2474,1407 2554,1369 2548,1292 2431,1333 1896,1321 1780,1391 1599,1367 1409,1420"/>
                <Baseline points="1419,1457 1475,1451 1531,1447 1588,1443 1644,1439 1701,1434 1757,1430 1813,1426 1870,1422 1926,1418 1983,1414 2039,1410 2095,1406 2152,1401 2208,1398 2265,1394 2321,1390 2377,1386 2434,1381 2490,1377 2547,1373"/>
                <TextEquiv>
                    <Unicode>qujqujz; miuchqujmotzaqua maoa</Unicode>
                </TextEquiv>
            </TextLine>
            <TextLine id="r2l13" custom="readingOrder {index:12;}">
                <Coords points="1419,1577 1535,1544 1605,1596 1669,1547 2193,1543 2252,1509 2448,1529 2598,1501 2592,1406 2094,1430 1963,1478 1621,1453 1568,1506 1414,1518"/>
                <Baseline points="1425,1562 1483,1557 1541,1553 1599,1549 1657,1545 1716,1542 1774,1539 1832,1535 1890,1532 1948,1527 2007,1524 2065,1520 2123,1515 2181,1510 2239,1506 2298,1500 2356,1494 2414,1487 2472,1480 2530,1472 2589,1463"/>
                <TextEquiv>
                    <Unicode>çan tepeoacan; ca oc vmpa onqujças,</Unicode>
                </TextEquiv>
            </TextLine>
            <TextLine id="r2l14" custom="readingOrder {index:13;}">
                <Coords points="1404,1690 2019,1631 2107,1662 2385,1607 2434,1632 2562,1597 2555,1505 2217,1566 1794,1540 1633,1612 1539,1545 1395,1579"/>
                <Baseline points="1410,1667 1467,1664 1524,1661 1581,1658 1638,1654 1695,1650 1752,1647 1810,1643 1867,1640 1924,1635 1981,1631 2038,1626 2095,1622 2152,1617 2210,1611 2267,1607 2324,1601 2381,1595 2438,1589 2495,1583 2553,1577"/>
                <TextEquiv>
                    <Unicode>ticiammjqujz, timociappoaz, timoca,</Unicode>
                </TextEquiv>
            </TextLine>
            <TextLine id="r2l15" custom="readingOrder {index:14;}">
                <Coords points="1407,1782 2313,1728 2510,1759 2576,1728 2570,1617 2371,1664 2224,1626 1982,1688 1900,1640 1557,1697 1471,1672 1403,1714"/>
                <Baseline points="1413,1770 1470,1765 1528,1759 1586,1755 1643,1751 1701,1748 1759,1745 1816,1742 1874,1740 1932,1739 1990,1736 2047,1734 2105,1731 2163,1729 2220,1727 2278,1724 2336,1719 2393,1716 2451,1711 2509,1706 2567,1698"/>
                <TextEquiv>
                    <Unicode>autq uetztiaz, titonalciauttiaz, teeca</Unicode>
                </TextEquiv>
            </TextLine>
            <TextLine id="r2l16" custom="readingOrder {index:15;}">
                <Coords points="1406,1880 1876,1854 2021,1888 2345,1838 2439,1877 2595,1832 2590,1744 2551,1731 2134,1795 1402,1799"/>
                <Baseline points="1413,1877 1471,1871 1530,1866 1588,1862 1647,1857 1706,1855 1764,1853 1823,1850 1882,1847 1940,1845 1999,1844 2058,1841 2116,1839 2175,1835 2234,1832 2292,1828 2351,1823 2410,1818 2468,1812 2527,1805 2586,1797"/>
                <TextEquiv>
                    <Unicode>ciiauhtiaz, tixtlaltzin timochiuhtiaz,</Unicode>
                </TextEquiv>
            </TextLine>
            <TextLine id="r2l17" custom="readingOrder {index:16;}">
                <Coords points="1410,2002 2460,1971 2562,1935 2557,1849 1958,1905 1485,1874 1405,1926"/>
                <Baseline points="1416,1983 1472,1979 1529,1975 1586,1972 1643,1968 1700,1965 1757,1962 1813,1960 1870,1956 1927,1954 1984,1950 2041,1948 2098,1946 2155,1943 2211,1939 2268,1936 2325,1932 2382,1927 2439,1923 2496,1917 2553,1913"/>
                <TextEquiv>
                    <Unicode>tixtlalteuhpipixauhtiaz, mjxqual</Unicode>
                </TextEquiv>
            </TextLine>
            <TextLine id="r2l18" custom="readingOrder {index:17;}">
                <Coords points="1426,2109 1746,2066 1964,2098 2359,2053 2448,2080 2564,2031 2559,1935 2490,1978 2226,1964 2115,1999 2055,1970 1914,2023 1719,1987 1421,2013"/>
                <Baseline points="1431,2079 1487,2076 1543,2073 1599,2071 1656,2068 1712,2066 1768,2064 1824,2061 1881,2060 1937,2057 1993,2055 2049,2052 2106,2051 2162,2047 2218,2044 2274,2040 2331,2035 2387,2030 2443,2026 2499,2019 2556,2012"/>
                <TextEquiv>
                    <Unicode>tzin, tlatlatiaz, mjtonaltzin ticma</Unicode>
                </TextEquiv>
            </TextLine>
            <TextLine id="r2l19" custom="readingOrder {index:18;}">
                <Coords points="1414,2192 2556,2171 2539,2040 2496,2084 2148,2070 1904,2116 1806,2073 1749,2112 1411,2126"/>
                <Baseline points="1421,2180 1477,2178 1533,2176 1589,2174 1646,2172 1702,2171 1758,2168 1814,2166 1871,2163 1927,2162 1983,2158 2039,2156 2096,2153 2152,2149 2208,2147 2264,2143 2321,2139 2377,2136 2433,2132 2489,2127 2546,2123"/>
                <TextEquiv>
                    <Unicode>cujtiaz, vel timaliviz in texomolo,</Unicode>
                </TextEquiv>
            </TextLine>
            <TextLine id="r2l20" custom="readingOrder {index:19;}">
                <Coords points="1424,2319 1779,2285 1951,2323 1999,2290 2252,2293 2329,2247 2491,2295 2560,2274 2555,2175 1418,2216"/>
                <Baseline points="1430,2291 1486,2288 1542,2285 1598,2282 1654,2279 1710,2276 1766,2273 1822,2271 1878,2268 1934,2267 1990,2264 2046,2261 2102,2258 2158,2255 2214,2252 2270,2248 2326,2244 2382,2241 2438,2236 2494,2232 2550,2228"/>
                <TextEquiv>
                    <Unicode>in tecaltech, in tetlatzacujltitlan,</Unicode>
                </TextEquiv>
            </TextLine>
            <TextLine id="r2l21" custom="readingOrder {index:20;}">
                <Coords points="1422,2422 2059,2410 2391,2349 2580,2375 2575,2271 2504,2302 2419,2273 2349,2317 1685,2290 1604,2339 1418,2330"/>
                <Baseline points="1428,2397 1485,2394 1542,2390 1599,2387 1656,2385 1713,2382 1770,2381 1827,2379 1884,2377 1941,2375 1999,2373 2056,2372 2113,2370 2170,2367 2227,2366 2284,2361 2341,2358 2398,2353 2455,2348 2512,2341 2570,2333"/>
                <TextEquiv>
                    <Unicode>timotololtitiez, mocuj tlaxcol moto</Unicode>
                </TextEquiv>
            </TextLine>
            <TextLine id="r2l22" custom="readingOrder {index:21;}">
                <Coords points="1417,2556 1774,2482 1943,2545 2079,2492 2178,2530 2322,2466 2480,2477 2582,2435 2561,2382 2091,2442 1950,2408 1412,2456"/>
                <Baseline points="1422,2508 1479,2505 1537,2500 1594,2498 1652,2495 1710,2493 1767,2491 1825,2489 1882,2489 1940,2487 1998,2486 2055,2484 2113,2482 2170,2480 2228,2477 2286,2473 2343,2469 2401,2463 2458,2457 2516,2450 2574,2441"/>
                <TextEquiv>
                    <Unicode>motetecatiez, timaaqujz, timota</Unicode>
                </TextEquiv>
            </TextLine>
            <TextLine id="r2l23" custom="readingOrder {index:22;}">
                <Coords points="1430,2624 1640,2659 1872,2647 1960,2598 2062,2626 2189,2585 2435,2592 2558,2553 2554,2463 2390,2528 2240,2500 2199,2537 1811,2524 1427,2570"/>
                <Baseline points="1437,2616 1492,2612 1548,2609 1603,2604 1659,2601 1715,2598 1770,2595 1826,2594 1882,2591 1937,2589 1993,2587 2049,2585 2104,2583 2160,2580 2216,2577 2271,2575 2327,2571 2383,2568 2438,2564 2494,2560 2550,2555"/>
                <TextEquiv>
                    <Unicode>calaqujz, timoqujqujxtiz: m aoa</Unicode>
                </TextEquiv>
            </TextLine>
            <TextLine id="r2l24" custom="readingOrder {index:23;}">
                <Coords points="1437,2762 1623,2761 1690,2701 1840,2717 1929,2678 2396,2712 2593,2649 2588,2558 2294,2615 2185,2585 2105,2648 1432,2659"/>
                <Baseline points="1443,2727 1500,2721 1557,2714 1614,2709 1671,2705 1728,2702 1785,2699 1843,2697 1900,2696 1957,2694 2014,2694 2071,2693 2128,2691 2185,2690 2243,2687 2300,2685 2357,2681 2414,2676 2471,2671 2528,2664 2586,2655"/>
                <TextEquiv>
                    <Unicode>can, tepeoacan timotzotzonaz, timo</Unicode>
                </TextEquiv>
            </TextLine>
            <TextLine id="r2l25" custom="readingOrder {index:24;}">
                <Coords points="1430,2843 2459,2803 2584,2744 2580,2653 2355,2749 1925,2738 1428,2788"/>
                <Baseline points="1437,2835 1494,2825 1551,2819 1608,2814 1665,2811 1722,2808 1779,2805 1836,2804 1893,2804 1950,2802 2007,2802 2064,2802 2121,2801 2178,2799 2235,2797 2292,2793 2349,2788 2406,2782 2463,2774 2520,2765 2577,2753"/>
                <TextEquiv>
                    <Unicode>caçapanjz, qujtoznequj: acacocanjle</Unicode>
                </TextEquiv>
            </TextLine>
            <TextLine id="r2l26" custom="readingOrder {index:25;}">
                <Coords points="1435,2946 1624,2970 1746,2910 1955,2937 2594,2862 2564,2791 2395,2784 2134,2867 1866,2830 1649,2873 1577,2828 1432,2881"/>
                <Baseline points="1443,2940 1500,2931 1557,2925 1614,2919 1671,2915 1728,2913 1785,2910 1843,2910 1900,2910 1957,2909 2014,2909 2071,2909 2128,2907 2185,2906 2243,2903 2300,2900 2357,2895 2414,2888 2471,2880 2528,2869 2586,2856"/>
                <TextEquiv>
                    <Unicode>uel onmochioaz, acacocantle onma</Unicode>
                </TextEquiv>
            </TextLine>
            <TextLine id="r2l27" custom="readingOrder {index:26;}">
                <Coords points="1441,3077 1791,3012 1978,3047 2242,3002 2379,3024 2513,2989 2557,2903 1900,2919 1829,2958 1438,2996"/>
                <Baseline points="1446,3035 1501,3028 1556,3022 1612,3018 1667,3015 1722,3012 1778,3011 1833,3009 1888,3009 1944,3008 1999,3008 2054,3008 2110,3006 2165,3005 2220,3003 2276,3000 2331,2997 2386,2993 2442,2987 2497,2980 2553,2972"/>
                <TextEquiv>
                    <Unicode>qujtiz mmotiamjc, mn mocnopillo</Unicode>
                </TextEquiv>
            </TextLine>
            <TextLine id="r2l28" custom="readingOrder {index:27;}">
                <Coords points="1434,3149 2364,3120 2592,3073 2588,3006 1978,3047 1790,3012 1695,3022 1636,3076 1431,3086"/>
                <Baseline points="1440,3134 1497,3127 1554,3123 1611,3119 1668,3117 1725,3116 1782,3114 1840,3114 1897,3113 1954,3113 2011,3113 2068,3111 2125,3110 2182,3108 2240,3104 2297,3101 2354,3094 2411,3087 2468,3077 2525,3067 2583,3053"/>
                <TextEquiv>
                    <Unicode>m monentlamatia, cauel ic noioaz, in</Unicode>
                </TextEquiv>
            </TextLine>
            <TextLine id="r2l29" custom="readingOrder {index:28;}">
                <Coords points="1441,3240 2375,3227 2601,3180 2596,3086 2410,3145 1563,3132 1513,3183 1437,3172"/>
                <Baseline points="1448,3233 1505,3230 1562,3228 1619,3227 1676,3227 1734,3225 1791,3224 1848,3222 1905,3221 1962,3219 2020,3218 2077,3215 2134,3212 2191,3208 2248,3205 2306,3200 2363,3193 2420,3187 2477,3178 2534,3170 2592,3159"/>
                <TextEquiv>
                    <Unicode>moiollo, mjxaiotzin ticmatentiez: ontio</Unicode>
                </TextEquiv>
            </TextLine>
            <TextLine id="r2l30" custom="readingOrder {index:29;}">
                <Coords points="1453,3351 2487,3327 2600,3264 2596,3183 2454,3235 2223,3210 2069,3272 1896,3234 1608,3295 1450,3283"/>
                <Baseline points="1460,3338 1516,3336 1573,3335 1629,3333 1686,3333 1743,3332 1799,3330 1856,3330 1912,3329 1969,3327 2026,3324 2082,3323 2139,3320 2195,3317 2252,3312 2309,3307 2365,3302 2422,3296 2478,3288 2535,3280 2592,3270"/>
                <TextEquiv>
                    <Unicode>ticaxcanviz, in mocnehloça, ca timjlti</Unicode>
                </TextEquiv>
            </TextLine>
            <TextLine id="r2l31" custom="readingOrder {index:30;}">
                <Coords points="1458,3494 1664,3493 1768,3436 1853,3467 1902,3417 1993,3455 2265,3454 2344,3407 2457,3423 2631,3374 2625,3292 2564,3290 2366,3349 2024,3331 1872,3397 1754,3356 1701,3393 1452,3404"/>
                <Baseline points="1463,3450 1524,3446 1585,3444 1646,3441 1707,3440 1768,3437 1829,3435 1890,3434 1951,3432 2012,3431 2073,3428 2134,3424 2195,3421 2256,3415 2317,3410 2378,3403 2439,3394 2500,3385 2561,3374 2622,3360"/>
                <TextEquiv>
                    <Unicode>iotamachioaz vel ontlamjz in mjlio,</Unicode>
                </TextEquiv>
            </TextLine>
            <TextLine id="r2l32" custom="readingOrder {index:31;}">
                <Coords points="1454,3565 1618,3604 1773,3556 1880,3583 2392,3544 2558,3519 2581,3435 2325,3471 2075,3429 1749,3505 1683,3478 1452,3512"/>
                <Baseline points="1461,3560 1516,3558 1572,3557 1628,3555 1684,3555 1740,3554 1795,3554 1851,3552 1907,3552 1963,3551 2019,3549 2074,3547 2130,3545 2186,3542 2242,3539 2298,3534 2353,3529 2409,3523 2465,3516 2521,3509 2577,3500"/>
                <TextEquiv>
                    <Unicode>mmotlapaliujz, macocama atlauh</Unicode>
                </TextEquiv>
            </TextLine>
            <TextLine id="r2l33" custom="readingOrder {index:32;}">
                <Coords points="1453,3670 2233,3680 2627,3619 2592,3511 2471,3563 2152,3577 2082,3621 1881,3621 1801,3581 1451,3619"/>
                <Baseline points="1460,3660 1521,3662 1582,3663 1643,3663 1704,3665 1765,3665 1826,3665 1887,3665 1948,3664 2009,3662 2070,3660 2131,3657 2192,3654 2253,3649 2314,3644 2375,3637 2436,3630 2497,3621 2558,3612 2619,3600"/>
                <TextEquiv>
                    <Unicode>itic, autlauhcamac, tlacopac, tetl itzti,</Unicode>
                </TextEquiv>
            </TextLine>
            <TextLine id="r2l34" custom="readingOrder {index:33;}">
                <Coords points="1469,3769 1742,3820 1811,3767 2460,3771 2612,3736 2609,3625 2444,3684 2156,3669 2069,3705 2013,3666 1847,3722 1548,3685 1467,3713"/>
                <Baseline points="1476,3758 1532,3759 1588,3761 1645,3762 1701,3764 1758,3764 1814,3765 1870,3765 1927,3765 1983,3765 2040,3765 2096,3763 2152,3761 2209,3758 2265,3755 2322,3750 2378,3745 2434,3739 2491,3732 2547,3724 2604,3714"/>
                <TextEquiv>
                    <Unicode>tlan, quavitl itzitlan timocochili,</Unicode>
                </TextEquiv>
            </TextLine>
            <TextLine id="r2l35" custom="readingOrder {index:34;}">
                <Coords points="1479,3875 1857,3919 2176,3879 2212,3910 2303,3873 2416,3896 2505,3838 2602,3835 2600,3737 2405,3798 2156,3766 1894,3775 1819,3826 1477,3809"/>
                <Baseline points="1485,3845 1540,3851 1596,3854 1651,3858 1707,3861 1762,3864 1818,3866 1873,3867 1929,3867 1984,3867 2040,3867 2095,3866 2151,3864 2206,3862 2262,3859 2317,3855 2373,3851 2428,3845 2484,3839 2539,3832 2595,3825"/>
                <TextEquiv>
                    <Unicode>m açocana timopopoliujtiz, mjtztla</Unicode>
                </TextEquiv>
            </TextLine>
            <TextEquiv>
                <Unicode>A.
tezon, yn jmolchiqujuh, caamo cacuj
que, qujnencujque, mjc oqujttaque:
in tachcauhioti, in veueiotl, mjc iepe
tlati, ie tepalti, mjc ie contl anevi injn
petl, mj mjcpal inpuehteca. f. Auhin
o, timotounja telpuchtle itlantla
mocnopul, momaceoal mochioaz, in
tlaicla ipan mjtzpoaz totecujo: ca oō
toçonjttaz, octoconmaujcoz mtecoca,
i tetolinj, in auecoliztli, in teiacacpa
qujqujz; miuchqujmotzaqua maoa
çan tepeoacan; ca oc vmpa onqujças,
ticiammjqujz, timociappoaz, timoca,
autq uetztiaz, titonalciauttiaz, teeca
ciiauhtiaz, tixtlaltzin timochiuhtiaz,
tixtlalteuhpipixauhtiaz, mjxqual
tzin, tlatlatiaz, mjtonaltzin ticma
cujtiaz, vel timaliviz in texomolo,
in tecaltech, in tetlatzacujltitlan,
timotololtitiez, mocuj tlaxcol moto
motetecatiez, timaaqujz, timota
calaqujz, timoqujqujxtiz: m aoa
can, tepeoacan timotzotzonaz, timo
caçapanjz, qujtoznequj: acacocanjle
uel onmochioaz, acacocantle onma
qujtiz mmotiamjc, mn mocnopillo
m monentlamatia, cauel ic noioaz, in
moiollo, mjxaiotzin ticmatentiez: ontio
ticaxcanviz, in mocnehloça, ca timjlti
iotamachioaz vel ontlamjz in mjlio,
mmotlapaliujz, macocama atlauh
itic, autlauhcamac, tlacopac, tetl itzti,
tlan, quavitl itzitlan timocochili,
m açocana timopopoliujtiz, mjtztla</Unicode>
            </TextEquiv>
        </TextRegion>
    </Page>
</PcGts>
