2692 4174
286 40 838 234 de la fiesta
485 1157 673 1256 26.
48 1210 1210 1374 Capitulo octauio, de la fiesta
66 1348 1170 1505 y cerimonjas, que se hazian
55 1453 1165 1609 enlas tzalendas, del septi
52 1581 1187 1765 mo mes, que se nombra
54 1709 921 1872 ua, Tecujlhujtontli.
66 2013 1222 2193 El septimomes, llamauan tecuji
78 2143 1167 2274 hujtontli: eneste mes, hazian fies
66 2239 1171 2379 ta, y sacrificios, a la diosa de la
80 2333 1203 2450 sal, que llamauan Vixtocioatl, e
78 2427 1198 2554 ra la diosa, de los que hazen sal,
81 2514 1184 2644 Dezian que era hermana, de los
84 2609 1196 2746 dioses de la pluuja, y por cierta
78 2688 1204 2834 desgracia, que vuo entre ellos, y
85 2786 1181 2928 ella la persigujeron, y desterra
73 2893 1182 3024 ron alas aguas saladas, y alli in
72 3002 1199 3105 uento la sal, de la manera que
80 3089 1195 3208 agora se haze, continajas, y con
90 3181 1179 3299 amontonar la tierra salada: y
80 3276 1198 3397 por esta rnuencion, la honrra
88 3385 1191 3505 uan, y adorauan los que tra
73 3463 1182 3604 tan en sal. Los ataujos desta
87 3568 1170 3686 diosa, eran de color amarilla,
60 3652 1207 3776 y vna mjtra, con muchos plumo
73 3734 1189 3869 jes verdes, que salian della, co
72 3836 1194 3986 mo penachos alto, que del ayre
1507 29 2612 223 Tecujlhujtontli. fo. I6.
1245 251 2426 412 yn ie iuhquj mec viloatz, mec tla
1251 378 2461 523 qujqujxtilo, tlaeeoalo intolpepe
1251 474 2468 659 chtli in vncan calmecac: tlaquj
1257 599 2455 745 qujxtilo, calteputzco contlatlaça.
1259 706 2437 863 Jerxequjch, vncan tlamj y, yn
1257 819 2212 977 ilhujtl, in etzalqualiztli.
1917 1161 2288 1278 onchiquacē.
1273 1196 2419 1430 Jnic cep ouallicapitulo, vn
1324 1380 2403 1515 can moteneoa yn ilhuitl,
1281 1463 2448 1636 yoan in tlamauiztililiztli, in
1272 1581 2416 1754 muchioaia, yn ipan vel ic ce
1272 1688 2447 1846 milhujtl, ic chicome metztli, in
1269 1817 2373 1957 mjtoaia. Tecujlhujtontli.
1292 2018 2432 2179 Tecujlhujtontli: ynin qujcaia
1280 2111 2448 2274 in muchioaia, in tecuilhujtontli
1278 2224 2435 2372 no cempoalilhujtica: auh vncā
1279 2313 2464 2486 mjquja, vncan itequjuh vetzia
1286 2424 2472 2571 vncan teumjquja in vixtocioatl
1271 2518 2444 2693 yn jnteouh iztatlaca, iztachiuh
1273 2619 2464 2787 que. Jnjn vixtocioatl iuh mjtoa
1272 2737 2447 2896 qujlmach in veltiuh catca intla
1271 2840 2461 2984 loque: yoan qujlmach yioq̄ch
1271 2928 2432 3057 tioan in tlaloque: centlama
1271 3036 2422 3186 tli ic qujnqualanj, ic qujnro
1273 3144 2453 3273 llitlaco, in ca mocaiauh, ynj
1286 3236 2448 3404 oqujchtioan: auh njman ic
1294 3339 2436 3516 qujtotocaque yn jn veltiuh
1287 3484 2482 3628 vmpa yn iztapan: vmpa quj
1266 3585 2440 3726 nextito yn iztatl, yn juh ioli,
1270 3682 2470 3849 ynjuh tlacati, yn juh muchi
1272 3780 2443 3963 oa iztacomjtl, yoan iztaxalli,
