<?xml version="1.0" encoding="UTF-8" standalone="yes"?>
<PcGts xmlns="http://schema.primaresearch.org/PAGE/gts/pagecontent/2013-07-15" xmlns:xsi="http://www.w3.org/2001/XMLSchema-instance" xsi:schemaLocation="http://schema.primaresearch.org/PAGE/gts/pagecontent/2013-07-15 http://schema.primaresearch.org/PAGE/gts/pagecontent/2013-07-15/pagecontent.xsd">
    <Metadata>
        <Creator>prov=University of Rostock/Institute of Mathematics/CITlab|PLANET AI GmbH/Gundram Leifert/gundram.leifert@planet-ai.de:name=Florentine Codex(htr_id=24784)::::v=2.6.6
prov=University of Rostock/Institute of Mathematics/CITlab|PLANET AI GmbH/Tobias Gruening/tobias.gruening@planet-ai.de:name=de.uros.citlab.module.baseline2polygon.B2PSeamMultiOriented:v=2.6.6
prov=University of Rostock/Institute of Mathematics/CITlab|PLANET AI GmbH/Tobias Gruening/tobias.gruening@planet-ai.de:name=/net_tf/LA73_249_0mod360.pb:de.uros.citlab.segmentation.CITlab_LA_ML:v=2.6.6
Transkribus</Creator>
        <Created>2020-06-23T15:23:46.281-07:00</Created>
        <LastChange>2020-06-24T07:37:29.462+02:00</LastChange>
    </Metadata>
    <Page imageFilename="FC_Vol_1_376.png" imageWidth="2660" imageHeight="4196">
        <ReadingOrder>
            <OrderedGroup id="ro_1596736955027" caption="Regions reading order">
                <RegionRefIndexed index="0" regionRef="r1"/>
                <RegionRefIndexed index="1" regionRef="r2"/>
            </OrderedGroup>
        </ReadingOrder>
        <TextRegion orientation="0.0" id="r1" custom="readingOrder {index:0;}">
            <Coords points="101,178 101,3200 1317,3200 1317,178"/>
            <TextLine id="r1l1" custom="readingOrder {index:0;}">
                <Coords points="650,274 752,269 793,286 1016,238 1183,236 1179,116 1151,105 1111,134 1027,127 944,160 834,112 758,133 717,115 646,129"/>
                <Baseline points="657,243 682,243 708,242 734,242 760,240 786,239 812,238 838,236 864,235 890,233 916,232 941,231 967,230 993,228 1019,228 1045,228 1071,228 1097,228 1123,230 1149,231 1175,233"/>
                <TextEquiv>
                    <Unicode>iApendiz</Unicode>
                </TextEquiv>
            </TextLine>
            <TextLine id="r1l2" custom="readingOrder {index:1;}">
                <Coords points="123,420 205,459 374,415 1270,448 1270,342 1216,327 905,364 734,331 528,358 452,319 353,351 123,335"/>
                <Baseline points="131,420 187,418 244,416 300,414 357,413 413,411 470,410 526,410 583,408 639,408 696,408 753,408 809,410 866,410 922,410 979,411 1035,413 1092,413 1148,414 1205,416 1262,417"/>
                <TextEquiv>
                    <Unicode>sucriauan, en los monesterios,</Unicode>
                </TextEquiv>
            </TextLine>
            <TextLine id="r1l3" custom="readingOrder {index:2;}">
                <Coords points="110,550 281,499 693,534 798,484 1288,536 1317,448 440,421 300,470 109,453"/>
                <Baseline points="117,509 176,505 236,501 295,498 355,495 415,493 474,491 534,489 594,488 653,488 713,486 773,486 832,486 892,486 952,486 1011,488 1071,488 1131,488 1190,489 1250,491 1310,491"/>
                <TextEquiv>
                    <Unicode>que se llamauan calmecac: por</Unicode>
                </TextEquiv>
            </TextLine>
            <TextLine id="r1l4" custom="readingOrder {index:3;}">
                <Coords points="110,611 375,593 454,631 543,583 601,615 747,574 844,616 925,578 1291,584 1290,534 1143,508 467,547 393,506 345,546 109,550"/>
                <Baseline points="117,605 175,599 233,594 292,589 350,585 408,583 467,581 525,579 583,578 642,576 700,575 758,575 817,575 875,575 933,576 992,576 1050,576 1108,578 1167,578 1225,579 1284,579"/>
                <TextEquiv>
                    <Unicode>todas las proujncias, subiectas a</Unicode>
                </TextEquiv>
            </TextLine>
            <TextLine id="r1l5" custom="readingOrder {index:4;}">
                <Coords points="110,704 157,692 313,694 342,682 378,683 373,596 307,618 283,602 254,610 195,650 172,635 142,639 105,624"/>
                <Baseline points="117,687 142,687 167,687 193,686 218,683 244,681 269,679 294,677 320,676 345,674 371,674"/>
                <TextEquiv>
                    <Unicode>mexico.</Unicode>
                </TextEquiv>
            </TextLine>
            <TextLine id="r1l6" custom="readingOrder {index:5;}">
                <Coords points="171,890 191,889 207,872 256,906 286,888 316,889 345,877 347,698 296,694 276,710 257,701 240,713 206,696 173,705"/>
                <Baseline points="179,833 205,831 232,831 258,830 285,830 311,832 338,836"/>
                <TextEquiv>
                    <Unicode>lect</Unicode>
                </TextEquiv>
            </TextLine>
            <TextLine id="r1l7" custom="readingOrder {index:6;}">
                <Coords points="976,1103 1030,1102 1052,1126 1067,1126 1148,1067 1208,1066 1219,896 1177,899 1087,968 1034,915 989,909"/>
                <Baseline points="989,1031 1015,1035 1042,1038 1068,1042 1095,1043 1122,1044 1148,1046 1175,1046 1202,1046"/>
                <TextEquiv>
                    <Unicode>AP.</Unicode>
                </TextEquiv>
            </TextLine>
            <TextLine id="r1l8" custom="readingOrder {index:7;}">
                <Coords points="885,1138 903,1138 947,1103 982,1097 974,923 956,923 943,914 933,921 922,915 901,916 888,927 875,928"/>
                <Baseline points="890,1091 918,1093 946,1087 974,1091"/>
                <TextEquiv>
                    <Unicode>fis</Unicode>
                </TextEquiv>
            </TextLine>
            <TextLine id="r1l9" custom="readingOrder {index:8;}">
                <Coords points="100,1242 616,1248 749,1206 804,1249 1287,1254 1288,1137 800,1114 387,1161 236,1107 101,1126"/>
                <Baseline points="107,1229 165,1227 224,1224 282,1223 341,1223 400,1221 458,1221 517,1223 576,1223 634,1224 693,1226 752,1226 810,1229 869,1230 928,1232 986,1233 1045,1234 1104,1235 1162,1236 1221,1238 1280,1238"/>
                <TextEquiv>
                    <Unicode>Este vmetochtzin era como maes</Unicode>
                </TextEquiv>
            </TextLine>
            <TextLine id="r1l10" custom="readingOrder {index:9;}">
                <Coords points="124,1339 1298,1360 1298,1281 1201,1268 621,1242 125,1279"/>
                <Baseline points="132,1329 189,1325 247,1321 305,1319 363,1316 421,1314 479,1314 537,1313 595,1313 653,1313 711,1314 768,1314 826,1316 884,1317 942,1319 1000,1320 1058,1322 1116,1323 1174,1325 1232,1326 1290,1326"/>
                <TextEquiv>
                    <Unicode>tro, de todos los cantores, que tenj</Unicode>
                </TextEquiv>
            </TextLine>
            <TextLine id="r1l11" custom="readingOrder {index:10;}">
                <Coords points="120,1446 255,1403 639,1394 1294,1421 1294,1370 529,1328 466,1368 287,1345 120,1383"/>
                <Baseline points="128,1415 185,1410 243,1406 301,1403 359,1399 417,1397 475,1395 533,1395 591,1395 649,1395 707,1395 764,1397 822,1397 880,1398 938,1401 996,1403 1054,1404 1112,1407 1170,1409 1228,1410 1286,1413"/>
                <TextEquiv>
                    <Unicode>an cargo de cantar, en los cues: te</Unicode>
                </TextEquiv>
            </TextLine>
            <TextLine id="r1l12" custom="readingOrder {index:11;}">
                <Coords points="130,1537 217,1496 882,1478 1068,1532 1301,1502 1301,1420 736,1404 130,1456"/>
                <Baseline points="138,1503 195,1498 253,1492 311,1488 369,1485 426,1483 484,1481 542,1481 600,1479 657,1479 715,1481 773,1481 831,1482 888,1484 946,1485 1004,1487 1062,1488 1119,1490 1177,1491 1235,1493 1293,1494"/>
                <TextEquiv>
                    <Unicode>nja cuenta que todos viniessen a</Unicode>
                </TextEquiv>
            </TextLine>
            <TextLine id="r1l13" custom="readingOrder {index:12;}">
                <Coords points="113,1614 905,1582 1013,1627 1294,1631 1294,1502 953,1542 857,1495 767,1539 600,1502 172,1520 113,1558"/>
                <Baseline points="120,1598 178,1591 236,1586 295,1582 353,1579 411,1576 470,1575 528,1574 586,1574 645,1573 703,1574 761,1574 820,1575 878,1577 936,1578 995,1580 1053,1581 1111,1583 1170,1584 1228,1586 1287,1587"/>
                <TextEquiv>
                    <Unicode>hazer sus officios, alos cues: haziā</Unicode>
                </TextEquiv>
            </TextLine>
            <TextLine id="r1l14" custom="readingOrder {index:13;}">
                <Coords points="123,1689 727,1670 1056,1681 1154,1721 1296,1689 1297,1629 1152,1657 942,1607 124,1626"/>
                <Baseline points="131,1676 188,1672 246,1668 304,1667 362,1664 420,1664 478,1664 536,1664 594,1665 652,1667 710,1668 767,1670 825,1671 883,1673 941,1676 999,1679 1057,1680 1115,1682 1173,1682 1231,1683 1289,1683"/>
                <TextEquiv>
                    <Unicode>cierta cerimonja conel vino, que</Unicode>
                </TextEquiv>
            </TextLine>
            <TextLine id="r1l15" custom="readingOrder {index:14;}">
                <Coords points="121,1778 1280,1793 1281,1714 1121,1733 711,1672 342,1717 293,1677 123,1681"/>
                <Baseline points="129,1766 186,1763 243,1761 300,1761 357,1761 414,1761 471,1761 529,1763 586,1764 643,1766 700,1767 757,1769 814,1771 871,1772 929,1775 986,1775 1043,1776 1100,1777 1157,1778 1214,1776 1272,1776"/>
                <TextEquiv>
                    <Unicode>llamauan teu vctli, al tiempo q̄</Unicode>
                </TextEquiv>
            </TextLine>
            <TextLine id="r1l16" custom="readingOrder {index:15;}">
                <Coords points="128,1886 209,1915 260,1880 784,1885 881,1922 1045,1878 1303,1898 1271,1793 1176,1831 129,1802"/>
                <Baseline points="135,1871 193,1871 251,1872 309,1872 367,1872 425,1872 483,1874 541,1874 599,1875 657,1875 715,1875 773,1877 831,1877 889,1878 947,1878 1005,1878 1063,1878 1121,1878 1179,1878 1237,1878 1296,1878"/>
                <TextEquiv>
                    <Unicode>aujan de hazer sus officios. Desta</Unicode>
                </TextEquiv>
            </TextLine>
            <TextLine id="r1l17" custom="readingOrder {index:16;}">
                <Coords points="132,1972 436,2015 503,1968 736,2017 866,1974 928,2007 1063,1958 1298,1974 1298,1899 1201,1925 1142,1882 858,1931 725,1892 512,1946 132,1919"/>
                <Baseline points="140,1968 197,1970 255,1971 312,1971 370,1971 427,1971 485,1971 542,1971 600,1970 657,1970 715,1968 772,1968 830,1967 887,1965 945,1965 1002,1964 1060,1964 1117,1964 1175,1964 1232,1964 1290,1965"/>
                <TextEquiv>
                    <Unicode>cerimonja, era el principal Pahte</Unicode>
                </TextEquiv>
            </TextLine>
            <TextLine id="r1l18" custom="readingOrder {index:17;}">
                <Coords points="136,2071 444,2065 560,2106 679,2069 737,2111 813,2071 1277,2077 1287,2014 867,1993 680,2031 633,1995 489,2028 292,1983 136,2020"/>
                <Baseline points="144,2061 200,2063 257,2063 314,2063 371,2063 428,2064 484,2064 541,2064 598,2064 655,2064 712,2064 768,2064 825,2064 882,2064 939,2064 996,2066 1052,2066 1109,2066 1166,2066 1223,2067 1280,2067"/>
                <TextEquiv>
                    <Unicode>catl: este tenja cujdado, de los va</Unicode>
                </TextEquiv>
            </TextLine>
            <TextLine id="r1l19" custom="readingOrder {index:18;}">
                <Coords points="119,2188 243,2161 364,2206 473,2161 657,2208 703,2174 1224,2196 1264,2183 1264,2106 119,2111"/>
                <Baseline points="126,2159 182,2159 239,2159 295,2159 352,2159 408,2157 465,2157 521,2156 578,2156 634,2154 691,2154 747,2153 804,2153 860,2153 917,2153 973,2153 1030,2154 1086,2156 1143,2157 1199,2160 1256,2163"/>
                <TextEquiv>
                    <Unicode>sos, en que beujan los cantores,</Unicode>
                </TextEquiv>
            </TextLine>
            <TextLine id="r1l20" custom="readingOrder {index:19;}">
                <Coords points="127,2267 622,2248 872,2293 1048,2255 1114,2298 1302,2267 1302,2196 702,2174 544,2229 466,2179 127,2203"/>
                <Baseline points="135,2259 193,2258 251,2258 309,2256 367,2255 425,2253 483,2253 541,2252 599,2250 657,2249 715,2249 773,2247 831,2247 889,2247 947,2247 1005,2247 1063,2248 1121,2249 1179,2250 1237,2252 1295,2255"/>
                <TextEquiv>
                    <Unicode>de traerlos, y darlos, y recogerlos:</Unicode>
                </TextEquiv>
            </TextLine>
            <TextLine id="r1l21" custom="readingOrder {index:20;}">
                <Coords points="119,2411 281,2368 522,2393 815,2358 881,2391 1133,2348 1216,2376 1290,2330 1288,2276 1108,2299 1056,2262 985,2299 116,2288"/>
                <Baseline points="125,2370 182,2370 240,2367 298,2366 356,2363 414,2361 472,2359 530,2357 588,2355 646,2354 704,2352 761,2351 819,2349 877,2348 935,2348 993,2346 1051,2346 1109,2346 1167,2348 1225,2348 1283,2349"/>
                <TextEquiv>
                    <Unicode>y de henchir los de aquel vino</Unicode>
                </TextEquiv>
            </TextLine>
            <TextLine id="r1l22" custom="readingOrder {index:21;}">
                <Coords points="119,2508 197,2466 1266,2479 1274,2379 419,2426 348,2382 119,2448"/>
                <Baseline points="126,2466 183,2465 240,2463 297,2462 354,2462 411,2460 468,2460 525,2460 582,2459 639,2459 697,2459 754,2459 811,2459 868,2459 925,2459 982,2460 1039,2460 1096,2460 1153,2460 1210,2460 1268,2460"/>
                <TextEquiv>
                    <Unicode>que llamauan teuvctli, o ma</Unicode>
                </TextEquiv>
            </TextLine>
            <TextLine id="r1l23" custom="readingOrder {index:22;}">
                <Coords points="122,2557 192,2600 363,2560 443,2602 524,2561 630,2595 1052,2565 1121,2608 1294,2585 1295,2506 1071,2461 391,2463 122,2525"/>
                <Baseline points="129,2552 186,2552 244,2552 302,2552 360,2552 418,2552 476,2553 534,2553 592,2553 650,2555 708,2555 765,2556 823,2557 881,2558 939,2559 997,2561 1055,2562 1113,2563 1171,2564 1229,2566 1287,2568"/>
                <TextEquiv>
                    <Unicode>cujl vctli. Y ponja dozientas: y tres</Unicode>
                </TextEquiv>
            </TextLine>
            <TextLine id="r1l24" custom="readingOrder {index:23;}">
                <Coords points="124,2658 1303,2696 1304,2596 1062,2620 1004,2576 948,2606 813,2568 640,2607 508,2568 471,2602 345,2569 125,2598"/>
                <Baseline points="132,2649 190,2649 248,2648 306,2648 364,2648 423,2648 481,2648 539,2649 597,2649 655,2650 714,2651 772,2652 830,2652 888,2654 946,2655 1005,2655 1063,2657 1121,2657 1179,2658 1237,2658 1296,2660"/>
                <TextEquiv>
                    <Unicode>cañas: de las quales, sola vna a</Unicode>
                </TextEquiv>
            </TextLine>
            <TextLine id="r1l25" custom="readingOrder {index:24;}">
                <Coords points="123,2812 385,2815 426,2783 1276,2815 1277,2716 1053,2720 986,2684 929,2720 873,2682 681,2714 436,2672 125,2708"/>
                <Baseline points="131,2750 187,2748 244,2747 301,2747 358,2747 415,2747 472,2747 529,2748 586,2749 643,2750 700,2751 756,2753 813,2754 870,2754 927,2756 984,2756 1041,2757 1098,2757 1155,2757 1212,2757 1269,2756"/>
                <TextEquiv>
                    <Unicode>gujerada: y quando las toma</Unicode>
                </TextEquiv>
            </TextLine>
            <TextLine id="r1l26" custom="readingOrder {index:25;}">
                <Coords points="131,2875 823,2858 1116,2895 1303,2870 1325,2789 1211,2823 504,2818 429,2784 131,2812"/>
                <Baseline points="138,2856 200,2855 262,2854 324,2853 386,2853 448,2853 510,2853 572,2855 634,2855 696,2855 758,2856 820,2858 882,2858 944,2859 1006,2859 1068,2861 1130,2861 1192,2862 1254,2862 1317,2862"/>
                <TextEquiv>
                    <Unicode>uan, el que acertaua con aquella</Unicode>
                </TextEquiv>
            </TextLine>
            <TextLine id="r1l27" custom="readingOrder {index:26;}">
                <Coords points="93,2975 243,3016 497,2977 587,3013 697,2969 1267,2973 1266,2868 520,2898 317,2859 192,2903 93,2860"/>
                <Baseline points="101,2973 162,2972 223,2972 284,2972 345,2972 406,2970 467,2970 528,2969 589,2969 650,2967 711,2967 772,2967 833,2966 894,2966 955,2966 1016,2967 1077,2967 1138,2969 1199,2970 1260,2972"/>
                <TextEquiv>
                    <Unicode>beuja el solo, y no mas. Esto se</Unicode>
                </TextEquiv>
            </TextLine>
            <TextLine id="r1l28" custom="readingOrder {index:27;}">
                <Coords points="118,3092 486,3128 577,3084 912,3120 1119,3084 1299,3132 1299,3013 1096,2990 939,3027 822,2971 666,3026 118,3014"/>
                <Baseline points="126,3083 184,3080 242,3077 300,3075 359,3075 417,3074 475,3074 534,3072 592,3072 650,3074 709,3074 767,3074 825,3075 883,3075 942,3075 1000,3077 1058,3077 1117,3077 1175,3077 1233,3077 1292,3077"/>
                <TextEquiv>
                    <Unicode>hazia, despues del officio, de auer</Unicode>
                </TextEquiv>
            </TextLine>
            <TextLine id="r1l29" custom="readingOrder {index:28;}">
                <Coords points="112,3181 160,3182 197,3202 238,3178 275,3173 365,3181 388,3168 419,3188 437,3186 434,3115 401,3096 381,3096 346,3122 294,3114 257,3128 155,3128 138,3143 111,3142"/>
                <Baseline points="120,3177 145,3176 171,3175 197,3174 223,3172 248,3171 274,3170 300,3168 326,3168 351,3167 377,3167 403,3167 429,3168"/>
                <TextEquiv>
                    <Unicode>cantado.</Unicode>
                </TextEquiv>
            </TextLine>
            <TextEquiv>
                <Unicode>iApendiz
sucriauan, en los monesterios,
que se llamauan calmecac: por
todas las proujncias, subiectas a
mexico.
lect
AP.
fis
Este vmetochtzin era como maes
tro, de todos los cantores, que tenj
an cargo de cantar, en los cues: te
nja cuenta que todos viniessen a
hazer sus officios, alos cues: haziā
cierta cerimonja conel vino, que
llamauan teu vctli, al tiempo q̄
aujan de hazer sus officios. Desta
cerimonja, era el principal Pahte
catl: este tenja cujdado, de los va
sos, en que beujan los cantores,
de traerlos, y darlos, y recogerlos:
y de henchir los de aquel vino
que llamauan teuvctli, o ma
cujl vctli. Y ponja dozientas: y tres
cañas: de las quales, sola vna a
gujerada: y quando las toma
uan, el que acertaua con aquella
beuja el solo, y no mas. Esto se
hazia, despues del officio, de auer
cantado.</Unicode>
            </TextEquiv>
        </TextRegion>
        <TextRegion orientation="0.0" id="r2" custom="readingOrder {index:1;}">
            <Coords points="1391,164 1391,4087 2595,4087 2595,164"/>
            <TextLine id="r2l1" custom="readingOrder {index:0;}">
                <Coords points="1479,252 1586,213 1712,252 1900,232 2093,281 2325,266 2325,191 1999,78 1857,111 1754,96 1564,186 1479,168"/>
                <Baseline points="1487,239 1528,238 1570,237 1611,236 1653,234 1694,234 1736,233 1777,231 1819,230 1860,230 1902,228 1944,228 1985,228 2027,228 2068,228 2110,230 2151,231 2193,234 2234,237 2276,240 2318,245"/>
                <TextEquiv>
                    <Unicode> del libro. E.</Unicode>
                </TextEquiv>
            </TextLine>
            <TextLine id="r2l2" custom="readingOrder {index:1;}">
                <Coords points="1412,493 1590,479 1634,434 1793,471 1904,419 2091,431 2146,483 2250,491 2320,433 2461,465 2573,402 2572,327 2406,369 1763,314 1411,394"/>
                <Baseline points="1419,440 1476,435 1533,430 1590,426 1648,424 1705,422 1762,422 1820,422 1877,422 1934,422 1992,423 2049,423 2106,423 2163,425 2221,425 2278,425 2335,423 2393,422 2450,420 2507,416 2565,413"/>
                <TextEquiv>
                    <Unicode>qujntanavatiaia in quenjni</Unicode>
                </TextEquiv>
            </TextLine>
            <TextLine id="r2l3" custom="readingOrder {index:2;}">
                <Coords points="1414,624 1799,548 2230,559 2338,602 2587,559 2586,468 2173,504 1925,450 1866,489 1413,495"/>
                <Baseline points="1422,584 1479,575 1537,567 1595,561 1653,557 1711,555 1769,552 1827,552 1885,552 1943,552 2001,554 2058,555 2116,557 2174,558 2232,558 2290,560 2348,560 2406,558 2464,557 2522,554 2580,549"/>
                <TextEquiv>
                    <Unicode>piazque calmecac, in quenjl</Unicode>
                </TextEquiv>
            </TextLine>
            <TextLine id="r2l4" custom="readingOrder {index:3;}">
                <Coords points="1414,723 1919,692 2477,737 2593,696 2594,617 2166,652 2077,591 1974,657 1748,580 1646,631 1547,638 1492,591 1415,623"/>
                <Baseline points="1422,705 1480,699 1538,695 1596,693 1654,691 1713,690 1771,690 1829,692 1887,693 1945,695 2004,697 2062,699 2120,701 2178,704 2236,705 2295,705 2353,705 2411,705 2469,703 2527,701 2586,696"/>
                <TextEquiv>
                    <Unicode>tlacazcaltiaia, tlacavapavaio</Unicode>
                </TextEquiv>
            </TextLine>
            <TextLine id="r2l5" custom="readingOrder {index:4;}">
                <Coords points="1400,874 1838,816 2020,875 2152,836 2237,884 2602,814 2602,748 2445,727 2261,774 1835,699 1750,768 1400,770"/>
                <Baseline points="1407,833 1466,825 1525,819 1585,816 1644,813 1704,813 1763,813 1822,815 1882,816 1941,819 2001,822 2060,824 2119,826 2179,828 2238,828 2298,828 2357,827 2416,825 2476,820 2535,814 2595,806"/>
                <TextEquiv>
                    <Unicode>çan muchiuhquj in qujchivoia</Unicode>
                </TextEquiv>
            </TextLine>
            <TextLine id="r2l6" custom="readingOrder {index:5;}">
                <Coords points="1408,960 1637,954 1722,988 1845,933 2315,995 2488,915 2311,867 2161,884 2102,842 2019,878 1531,852 1409,878"/>
                <Baseline points="1415,950 1468,946 1521,943 1574,941 1628,939 1681,938 1734,938 1787,938 1841,939 1894,941 1947,942 2000,944 2054,945 2107,948 2160,949 2213,950 2267,951 2320,953 2373,953 2426,953 2480,951"/>
                <TextEquiv>
                    <Unicode>injc novjian teuhoatzttzin</Unicode>
                </TextEquiv>
            </TextLine>
            <TextLine id="r2l7" custom="readingOrder {index:6;}">
                <Coords points="1666,1181 1714,1167 1786,1189 1850,1155 1920,1194 2230,1202 2231,1074 2003,1030 1861,1036 1825,1061 1752,1003 1696,1039 1668,1029"/>
                <Baseline points="1674,1142 1701,1143 1728,1144 1756,1145 1783,1146 1811,1146 1838,1146 1866,1148 1893,1148 1921,1148 1948,1148 1975,1148 2003,1148 2030,1148 2058,1148 2085,1149 2113,1149 2140,1149 2168,1151 2195,1151 2223,1152"/>
                <TextEquiv>
                    <Unicode>Vmetochtzin.</Unicode>
                </TextEquiv>
            </TextLine>
            <TextLine id="r2l8" custom="readingOrder {index:7;}">
                <Coords points="1403,1362 1875,1370 2031,1319 2271,1380 2345,1334 2593,1318 2592,1236 2434,1262 1941,1215 1835,1275 1762,1243 1710,1278 1491,1164 1401,1174"/>
                <Baseline points="1410,1326 1468,1329 1527,1330 1586,1332 1645,1332 1704,1334 1762,1334 1821,1335 1880,1335 1939,1335 1998,1334 2056,1333 2115,1332 2174,1331 2233,1329 2292,1326 2350,1325 2409,1322 2468,1319 2527,1316 2586,1313"/>
                <TextEquiv>
                    <Unicode>In vmetochtzin itequjuh catca</Unicode>
                </TextEquiv>
            </TextLine>
            <TextLine id="r2l9" custom="readingOrder {index:8;}">
                <Coords points="1408,1473 1528,1502 2205,1462 2338,1505 2585,1460 2574,1351 2423,1406 2342,1375 1901,1398 1819,1356 1756,1401 1408,1391"/>
                <Baseline points="1416,1458 1474,1457 1532,1455 1590,1455 1648,1454 1706,1454 1764,1454 1822,1454 1880,1455 1938,1455 1996,1455 2054,1457 2112,1457 2170,1457 2228,1455 2286,1455 2344,1454 2402,1451 2460,1449 2518,1446 2577,1442"/>
                <TextEquiv>
                    <Unicode>in qujnechicovaia centzontolo</Unicode>
                </TextEquiv>
            </TextLine>
            <TextLine id="r2l10" custom="readingOrder {index:9;}">
                <Coords points="1411,1617 1641,1573 2006,1609 2590,1550 2588,1472 2501,1518 2071,1477 1782,1534 1408,1483"/>
                <Baseline points="1418,1589 1476,1587 1534,1586 1592,1586 1651,1584 1709,1584 1767,1583 1825,1581 1884,1581 1942,1580 2000,1579 2058,1578 2117,1577 2175,1575 2233,1574 2291,1572 2350,1569 2408,1566 2466,1564 2524,1560 2583,1557"/>
                <TextEquiv>
                    <Unicode>chitin in ie muchintin aiac mo</Unicode>
                </TextEquiv>
            </TextLine>
            <TextLine id="r2l11" custom="readingOrder {index:10;}">
                <Coords points="1408,1720 2210,1713 2315,1766 2576,1689 2566,1617 2119,1658 1920,1601 1767,1685 1407,1622"/>
                <Baseline points="1416,1710 1473,1707 1531,1706 1588,1704 1646,1704 1704,1704 1761,1704 1819,1704 1876,1705 1934,1706 1992,1706 2049,1707 2107,1707 2164,1707 2222,1706 2280,1705 2337,1703 2395,1701 2452,1698 2510,1693 2568,1688"/>
                <TextEquiv>
                    <Unicode>çavaia, auh vncan tepanica</Unicode>
                </TextEquiv>
            </TextLine>
            <TextLine id="r2l12" custom="readingOrder {index:11;}">
                <Coords points="1399,1848 1501,1822 1647,1878 1975,1836 2312,1918 2593,1841 2594,1711 2498,1776 2035,1726 1881,1778 1806,1745 1399,1776"/>
                <Baseline points="1407,1832 1469,1829 1531,1827 1593,1827 1655,1827 1717,1828 1779,1829 1841,1830 1903,1832 1965,1835 2027,1836 2089,1838 2151,1839 2213,1839 2275,1839 2337,1839 2399,1837 2461,1835 2523,1829 2586,1824"/>
                <TextEquiv>
                    <Unicode>ca impatecatl, iuhqujntach</Unicode>
                </TextEquiv>
            </TextLine>
            <TextLine id="r2l13" custom="readingOrder {index:12;}">
                <Coords points="1409,1971 2573,2004 2575,1887 2482,1921 1983,1923 1900,1866 1654,1906 1579,1853 1410,1910"/>
                <Baseline points="1416,1961 1473,1959 1531,1959 1588,1959 1646,1959 1703,1961 1761,1962 1818,1964 1876,1966 1933,1968 1991,1970 2049,1971 2106,1974 2164,1976 2221,1976 2279,1977 2336,1977 2394,1977 2451,1977 2509,1976 2567,1973"/>
                <TextEquiv>
                    <Unicode>cauh muchivaia, njman ie</Unicode>
                </TextEquiv>
            </TextLine>
            <TextLine id="r2l14" custom="readingOrder {index:13;}">
                <Coords points="1406,2144 1763,2095 2566,2113 2586,1995 2347,2032 2076,1999 2018,2039 1970,1995 1732,2003 1664,2048 1408,2034"/>
                <Baseline points="1415,2097 1473,2094 1531,2094 1589,2093 1647,2093 1705,2094 1763,2096 1821,2097 1879,2099 1937,2101 1995,2103 2053,2105 2111,2108 2169,2108 2227,2110 2285,2111 2343,2111 2401,2109 2459,2108 2517,2106 2576,2102"/>
                <TextEquiv>
                    <Unicode>quiquetza in tochtecomatl vnca</Unicode>
                </TextEquiv>
            </TextLine>
            <TextLine id="r2l15" custom="readingOrder {index:14;}">
                <Coords points="1405,2251 1716,2217 1806,2261 1961,2232 2055,2271 2121,2230 2445,2296 2567,2237 2568,2132 2439,2168 2309,2121 2203,2169 2140,2131 1973,2168 1406,2155"/>
                <Baseline points="1413,2234 1470,2229 1527,2226 1584,2224 1642,2223 1699,2222 1756,2222 1814,2223 1871,2225 1928,2225 1986,2228 2043,2229 2100,2231 2157,2232 2215,2234 2272,2234 2329,2235 2387,2235 2444,2234 2501,2233 2559,2231"/>
                <TextEquiv>
                    <Unicode>conteca in macujl vctli in qujl</Unicode>
                </TextEquiv>
            </TextLine>
            <TextLine id="r2l16" custom="readingOrder {index:15;}">
                <Coords points="1402,2405 1518,2357 1887,2368 2000,2324 2081,2390 2212,2361 2408,2428 2584,2387 2585,2261 2383,2316 2053,2295 1949,2244 1876,2279 1404,2281"/>
                <Baseline points="1410,2361 1468,2354 1526,2348 1585,2343 1643,2342 1701,2340 1760,2341 1818,2342 1876,2345 1935,2347 1993,2351 2051,2354 2110,2356 2168,2358 2226,2361 2285,2361 2343,2361 2401,2361 2460,2358 2518,2352 2577,2345"/>
                <TextEquiv>
                    <Unicode>vjaia ten vctli njman ie qujlla</Unicode>
                </TextEquiv>
            </TextLine>
            <TextLine id="r2l17" custom="readingOrder {index:16;}">
                <Coords points="1405,2548 1672,2515 2087,2549 2261,2508 2425,2554 2575,2527 2577,2431 2547,2428 2034,2427 1939,2379 1569,2369 1511,2416 1408,2418"/>
                <Baseline points="1413,2490 1470,2486 1528,2484 1586,2483 1644,2483 1701,2484 1759,2486 1817,2487 1875,2490 1932,2493 1990,2496 2048,2498 2106,2501 2163,2503 2221,2504 2279,2505 2337,2505 2394,2504 2452,2503 2510,2499 2568,2495"/>
                <TextEquiv>
                    <Unicode>quistiainpiaztli: acatl vncan co</Unicode>
                </TextEquiv>
            </TextLine>
            <TextLine id="r2l18" custom="readingOrder {index:17;}">
                <Coords points="1415,2660 2100,2635 2234,2689 2342,2647 2418,2679 2569,2637 2570,2542 2443,2591 2198,2530 2018,2567 1416,2566"/>
                <Baseline points="1422,2631 1479,2628 1536,2627 1593,2625 1650,2625 1707,2625 1764,2625 1821,2627 1878,2627 1935,2629 1992,2630 2049,2631 2106,2633 2163,2634 2220,2636 2277,2636 2334,2637 2391,2637 2448,2636 2505,2636 2562,2633"/>
                <TextEquiv>
                    <Unicode>manaia intei vetli ipan, catl</Unicode>
                </TextEquiv>
            </TextLine>
            <TextLine id="r2l19" custom="readingOrder {index:18;}">
                <Coords points="1409,2781 1627,2770 1703,2811 2397,2780 2512,2848 2572,2818 2573,2672 2318,2679 2226,2746 1916,2655 1783,2712 1635,2650 1410,2655"/>
                <Baseline points="1416,2769 1473,2765 1530,2763 1588,2762 1645,2762 1703,2763 1760,2763 1818,2765 1875,2766 1933,2769 1990,2771 2047,2773 2105,2775 2162,2775 2220,2777 2277,2777 2335,2777 2392,2775 2450,2772 2507,2769 2565,2765"/>
                <TextEquiv>
                    <Unicode>matlacpoalli vmei, auh catla</Unicode>
                </TextEquiv>
            </TextLine>
            <TextLine id="r2l20" custom="readingOrder {index:19;}">
                <Coords points="1412,2925 1766,2945 1855,2893 2537,2962 2539,2832 2128,2858 2041,2806 1899,2855 1413,2846"/>
                <Baseline points="1419,2906 1474,2904 1530,2903 1585,2903 1641,2903 1697,2903 1752,2903 1808,2905 1863,2906 1919,2909 1975,2910 2030,2912 2086,2915 2141,2916 2197,2918 2253,2918 2308,2919 2364,2919 2419,2919 2475,2919 2531,2918"/>
                <TextEquiv>
                    <Unicode>in coionquj: auh mocoma, nn</Unicode>
                </TextEquiv>
            </TextLine>
            <TextLine id="r2l21" custom="readingOrder {index:20;}">
                <Coords points="1407,3064 1698,3038 2305,3108 2558,3068 2561,2969 2369,2971 2263,2928 2089,2982 2041,2945 1858,2986 1645,2933 1515,2983 1409,2972"/>
                <Baseline points="1415,3042 1471,3039 1528,3038 1585,3038 1642,3038 1699,3039 1756,3041 1812,3044 1869,3047 1926,3050 1983,3052 2040,3056 2097,3057 2154,3059 2210,3062 2267,3062 2324,3062 2381,3060 2438,3056 2495,3052 2552,3047"/>
                <TextEquiv>
                    <Unicode>man ie ic netotilo, tlaiavalolo,</Unicode>
                </TextEquiv>
            </TextLine>
            <TextLine id="r2l22" custom="readingOrder {index:21;}">
                <Coords points="1393,3236 1611,3179 1764,3221 2484,3251 2567,3226 2570,3119 2401,3108 2325,3154 2032,3116 1866,3155 1620,3085 1396,3112"/>
                <Baseline points="1401,3188 1459,3186 1517,3186 1575,3186 1633,3188 1691,3191 1749,3192 1807,3195 1865,3199 1923,3203 1981,3206 2039,3208 2097,3211 2155,3213 2213,3215 2271,3215 2329,3215 2387,3213 2445,3210 2503,3205 2561,3200"/>
                <TextEquiv>
                    <Unicode>m jtotia in centzontotochtin, fil</Unicode>
                </TextEquiv>
            </TextLine>
            <TextLine id="r2l23" custom="readingOrder {index:22;}">
                <Coords points="1393,3338 2129,3391 2589,3366 2593,3192 2405,3301 1396,3250"/>
                <Baseline points="1401,3324 1460,3324 1519,3326 1578,3329 1637,3331 1696,3334 1755,3338 1814,3342 1873,3345 1932,3348 1991,3352 2050,3355 2109,3357 2168,3359 2227,3360 2286,3359 2345,3357 2404,3354 2463,3349 2522,3342 2582,3333"/>
                <TextEquiv>
                    <Unicode>man ie ic vi injvicpa teuvctli,</Unicode>
                </TextEquiv>
            </TextLine>
            <TextLine id="r2l24" custom="readingOrder {index:23;}">
                <Coords points="1388,3497 1590,3492 1755,3541 1816,3508 1917,3543 2071,3505 2485,3514 2600,3482 2603,3332 2171,3454 1390,3398"/>
                <Baseline points="1397,3458 1456,3461 1516,3463 1576,3466 1636,3470 1695,3475 1755,3479 1815,3483 1875,3488 1934,3490 1994,3494 2054,3497 2114,3498 2173,3500 2233,3498 2293,3497 2353,3494 2412,3489 2472,3483 2532,3475 2592,3464"/>
                <TextEquiv>
                    <Unicode>oença moquequeca in ac iehocā</Unicode>
                </TextEquiv>
            </TextLine>
            <TextLine id="r2l25" custom="readingOrder {index:24;}">
                <Coords points="1392,3635 1640,3647 1733,3612 1900,3684 2029,3636 2461,3673 2584,3627 2586,3528 2338,3568 2261,3511 2011,3566 1584,3498 1394,3553"/>
                <Baseline points="1400,3594 1458,3596 1517,3597 1576,3600 1635,3603 1694,3606 1753,3609 1811,3612 1870,3615 1929,3618 1988,3620 2047,3621 2106,3623 2165,3624 2223,3623 2282,3623 2341,3620 2400,3618 2459,3613 2518,3607 2577,3600"/>
                <TextEquiv>
                    <Unicode>qujstaz coionquj, auh in aqujl</Unicode>
                </TextEquiv>
            </TextLine>
            <TextLine id="r2l26" custom="readingOrder {index:25;}">
                <Coords points="1382,3792 1722,3771 1777,3808 2128,3822 2341,3755 2510,3808 2591,3756 2592,3656 2424,3674 2339,3635 1933,3714 1755,3713 1595,3652 1384,3681"/>
                <Baseline points="1391,3735 1450,3738 1510,3741 1569,3744 1629,3747 1689,3751 1748,3754 1808,3757 1867,3761 1927,3762 1987,3764 2046,3765 2106,3767 2165,3767 2225,3765 2285,3763 2344,3759 2404,3755 2463,3750 2523,3742 2583,3734"/>
                <TextEquiv>
                    <Unicode>oqujttac, in oquicujc coionquji,</Unicode>
                </TextEquiv>
            </TextLine>
            <TextLine id="r2l27" custom="readingOrder {index:26;}">
                <Coords points="1393,3908 1537,3879 1796,3957 1909,3912 2258,3905 2323,3938 2566,3899 2568,3793 2359,3853 2074,3804 1765,3840 1395,3800"/>
                <Baseline points="1401,3866 1458,3871 1516,3876 1574,3880 1632,3884 1690,3889 1748,3893 1805,3896 1863,3900 1921,3903 1979,3906 2037,3908 2095,3908 2153,3908 2210,3907 2268,3905 2326,3903 2384,3899 2442,3893 2500,3885 2558,3878"/>
                <TextEquiv>
                    <Unicode>mjman ie quitlalcavia, ça icos</Unicode>
                </TextEquiv>
            </TextLine>
            <TextLine id="r2l28" custom="readingOrder {index:27;}">
                <Coords points="1383,4058 1460,4100 1582,4042 2375,4077 2565,4015 2567,3944 2401,3992 2342,3949 2040,3928 1385,3972"/>
                <Baseline points="1391,4019 1449,4019 1507,4020 1566,4024 1624,4026 1682,4030 1741,4034 1799,4038 1857,4043 1916,4046 1974,4049 2032,4052 2091,4053 2149,4055 2207,4055 2266,4053 2324,4050 2382,4045 2441,4040 2499,4030 2558,4019"/>
                <TextEquiv>
                    <Unicode>qujticoc in teu vctli: auh in onl</Unicode>
                </TextEquiv>
            </TextLine>
            <TextEquiv>
                <Unicode> del libro. E.
qujntanavatiaia in quenjni
piazque calmecac, in quenjl
tlacazcaltiaia, tlacavapavaio
çan muchiuhquj in qujchivoia
injc novjian teuhoatzttzin
Vmetochtzin.
In vmetochtzin itequjuh catca
in qujnechicovaia centzontolo
chitin in ie muchintin aiac mo
çavaia, auh vncan tepanica
ca impatecatl, iuhqujntach
cauh muchivaia, njman ie
quiquetza in tochtecomatl vnca
conteca in macujl vctli in qujl
vjaia ten vctli njman ie qujlla
quistiainpiaztli: acatl vncan co
manaia intei vetli ipan, catl
matlacpoalli vmei, auh catla
in coionquj: auh mocoma, nn
man ie ic netotilo, tlaiavalolo,
m jtotia in centzontotochtin, fil
man ie ic vi injvicpa teuvctli,
oença moquequeca in ac iehocā
qujstaz coionquj, auh in aqujl
oqujttac, in oquicujc coionquji,
mjman ie quitlalcavia, ça icos
qujticoc in teu vctli: auh in onl</Unicode>
            </TextEquiv>
        </TextRegion>
    </Page>
</PcGts>
