2598 4014
810 55 1600 256 Del primero libro
1334 234 2397 368 o vntlan, vmpoliuh, in tonemjliz
31 261 1220 450 que iamas se puede ver por donde
29 379 1232 573 paso: o como vna saeta, que sale
36 507 1219 677 de la vallesta, con gran, impetu,
20 634 1204 834 y llega adonde la endereça el
48 772 1246 965 vallestero sin dexar rastro algu
44 917 1271 1070 no, de su passada: Desta manera,
39 1037 1256 1214 nos acontecio, a nosotros: nacidos en
40 1158 1209 1323 breue tiempo, se nos acabo la vi
44 1290 1231 1440 da: y ninoun rastro dexamos,
39 1379 1289 1591 de buena vida: fenecieron se nrōs
64 1546 1248 1708 dias, en nrā malignjdad, y en
1357 1662 2517 1807 B. Ocaiuhqujhi, yn intlatol intla teu
54 1667 1224 1855 nuestro mal viujr. B. Tales co
1357 1730 2511 1912 tocanjme, iuhqui in, yn inchoquiz, y
78 1768 1229 1959 sas dixeron los peccadores enel in
1367 1830 2542 1993 njmixaio, yn intlaocullatol, yn jncho
65 1902 1245 2106 fierno, con grandissimo dolor de
1347 1951 2531 2122 quiztlatol, yn njman aic vel moiolla
1346 2038 2547 2190 lizque. Auh in qujmiximachilia, in quj
56 2047 1262 2208 su coraçon, y con llanto de gran
1363 2148 2544 2288 motlacamachitia, yn totecujo dios, qujc
72 2185 1254 2345 tristeza, y con lagrimas no reme
1361 2260 2501 2399 nopilhuizque, yn jtlatocaiotzin, ynj
81 2298 1266 2500 diables: porque no quisieron cono
1361 2362 2511 2538 necujltonoliztzin: iehica ca cenquiz
74 2388 1223 2612 cer, nj seruir al verdadero dios,
1356 2469 2545 2625 camocujltonoanj, yn totecujo dios, iuh
70 2513 1255 2737 criador, y regidor de todas las cō
1347 2557 2379 2735 ca in teutlatolli in tlacpac omjto.
81 2635 1278 2856 sas: quando començo su tormento
72 2757 1261 2970 entonce començo su llanto, dolor
67 2913 1259 3147 y lagrimas, y agora estan enel,
85 3076 1281 3280 y para siempre iamas perseuerara
89 3204 1267 3390 enel: los que conocen: y siruen
74 3306 1226 3530 y obedecen, al solo y verdadero
90 3435 1278 3631 dios, gozaron de sus riquezas, y go
99 3559 1264 3760 zos eternos, porque es infinjtamē
75 3669 1281 3869 te bueno, y suaue: ansi queda di
106 3804 1250 3975 cho enel testo de la sagrada escrip
2476 3459 2519 3645 q̄
