2714 4650
523 43 1080 255 Libro.
139 276 1516 445 qujen hara penjtencia: y dixo el
141 406 1467 550 dicho Quetzalcoatl, respondiendo
142 502 1517 638 alos dichos nigromanticos. Innjn
135 580 1440 760 guna manera podeys impedir
135 691 1455 851 mj yda: por fuerca tengo de yr,
127 790 1430 942 me. Y los dichos nigromanticos
124 906 1445 1023 dixeron preguntando, al dicho
105 993 1461 1174 quetzalcoatl. A donde os vays? y
111 1096 1520 1252 les respondio diziendo. Y o me voy
106 1204 1456 1366 hasta a tlapallan. Y le pregun
118 1328 1466 1482 taron los dichos njgromanticos
123 1430 1457 1598 diziendo. A que os vays alla y
93 1547 1486 1711 les respondio, el dicho quetzalcoatl
104 1663 1474 1810 diziendo. Vinieron a llamarme
88 1770 1413 1953 y llamame el sol. Y le dixeron
90 1896 1428 2022 los dichos nioromanticos, al dicho
100 1979 1448 2129 quetzalcoatl. Yos en hora bueña,
93 2130 1428 2266 y dexad todas las artes mecha
79 2227 1415 2394 njcas, de fundir plata, y labrar
80 2334 1425 2498 piedras y madera, y pintar, y
77 2424 1404 2595 hazer plumajes, y otros officios:
82 2558 1418 2715 todo se lo qujtaron, los dichos nj
77 2681 1386 2851 gromanticos, al dicho quetzalco
72 2767 1422 2947 atl. Y el dicho quetzalcoatl, come
74 2899 1403 3029 co a echar en vna fuente, todas
68 3020 1394 3184 Las ioyas riças, que lleuaua con
80 3151 1371 3273 sigo: y ansi fue llamada La
66 3234 1382 3414 dicha fuente, cozcaapa, y ago
73 3363 1384 3521 ra esta fuente, se llama coa
53 3477 1364 3639 hapa. Jel dicho quetzalcoatl,
65 3629 1420 3744 yendo de camjno, llego aotro lugar
62 3688 1403 3851 que se llama cochtoca: y vino otro
51 3796 1377 3955 nigromantico, y topose conel dizi
61 3922 1390 4042 endo. A donde os vays?: y le dixo.
47 3997 1386 4150 quetzalcoatl. Y o me voy atlapalla.
31 4119 1371 4288 y el dicho nigromantico, dixo al di
36 4241 1379 4391 cho que tzaicoatl. En hora buena
28 4374 1341 4511 os, vays: y beue esse vino, que os
1712 53 1907 285 z. S
1591 290 2674 524 tlatlacateculo canjn tiaz in
1589 441 2688 636 quimilhuj in quetzalcoatl ca
1569 571 2687 767 pa in tlapallan niauh ina
1570 717 2683 923 mattiuh, auh njmā qujlh
1567 826 2682 1060 tletaiz, njman qujto in uiuo
1565 967 2718 1184 coatl, camocanotzalo nedia
1556 1102 2718 1303 notza in tonatiuh, nj manta
1557 1227 2718 1480 huique, ca ie qualli xicaula
1557 1420 2686 1620 inxqujch in tultecaiotl, ijla
1559 1556 2694 1768 njc vncan quicauh, in ixac
1549 1677 2678 1898 in tultecaiotl, in teocuitlapitza.
1551 1837 2685 2044 iotl, in tlateccaiotl, in quaa
1540 1970 2684 2164 xincaiotl, in tetzotzoncaiotla
1540 2099 2717 2321 tlacujlocaiotl, in amantecala
1538 2251 2676 2487 mochquitepeoaltique, mocha
1524 2371 2673 2620 tlacaltique, mochqujcujcntla
1527 2530 2662 2770 auh in ic iuhquj in quetzuo
1540 2661 2667 2889 njma ieic contepeoa, in jc
1528 2831 2648 3043 inatlan, njman ieie haa
1500 2931 2640 3149 ic vncan tlatocaioti, cozu
1508 3138 2610 3329 pan, in axcanmjtoa y
1506 3254 2646 3452 apan: auh njman ieleca
1497 3415 2669 3611 linj onacito, ceem itocada
1516 3570 2660 3730 cochtocan, auh in vincai
1515 3681 2685 3920 mam quioaamjc, eetlacaco
1492 3852 2679 4051 lotl auilhui cantiiauh mjlo
1490 3975 2682 4234 qujto cavmpa in tlapallatizla
1484 4101 2717 4381 n ijtlamattiuh, njmancamjlia.
1484 4258 2716 4563 in tlacateculotl, ca iequallizi.
