2624 4074
928 72 1696 259 Del primero libro
1394 255 2552 396 Non est enjm alius deus, quan tu, cuj
89 252 1268 424 Y gouernador, y conseruador de to
1393 351 2536 489 cura est de omnjbus, q.n. Totecujoe,
80 369 1288 508 das ellas: como arriba queda di
1392 436 2565 585 diose, caçan mozeltzin titeutl, titlatoa
74 475 1271 664 cho. Non est enjm alius deus,
1395 506 2548 648 nj, aiac occe teutl, aiac occe teutl, a
1391 604 2537 736 iac occe tlatoanj: çan mozeltzin mo
77 592 1275 768 quam tu, cuj cura est de om
1395 706 2570 834 mactzinco ca, yn jxqujch ittalo, yn
81 746 1261 882 njbus, qujere dezir. Senor no
1388 800 1794 965 amo yttalo.
87 830 1248 1005 ay otro dios mas que vos solo:
83 936 1313 1116 el qual teneys cujdado de todas
1394 990 2568 1193 D. Jnin ca ic vel neztica, ca amo teutl, in
88 1056 1289 1243 las cosas. D. Sigue se de aquj
1406 1124 2581 1267 vitzilubuchtli: amo teutl, in tezcatlipuca
1404 1208 2565 1326 amo teutl in tlaloc; yn anoço tlalocate
96 1189 1279 1362 claramente, que vitzilobuchtli
1398 1270 2566 1400 cutli: amo teutl in quetzalcoatl: amo
94 1301 1301 1479 no es dios: nj tampoco tlaloc: nj
1393 1367 2574 1490 no teutl, in cioacoatl: amo teutl inchi
102 1421 1305 1611 tampoco quetzalcoatl: cioacoatl,
1400 1466 2570 1581 come coatl: amono teutl, yn teteu, in
1394 1527 2557 1660 nan: amo teutl, in tzaputla tena: a
98 1537 1299 1693 no es diosa: chicome coatl no es di
1396 1624 2560 1742 mono teteu, in cioapipilti, anoço cioa
116 1672 1287 1801 osa: teteu innan, no es diosa:
1392 1692 2544 1818 teteu: amono teutl in chalchiuhtli, i
1394 1780 2561 1917 cue; amono teutl, in vixtocioatl: amo
96 1775 1282 1917 tzaputla tena, no es diosa: cioa
1383 1864 2552 2001 no teutl in tlaçulteutl: amo teutl in
100 1902 1258 2044 teteu, no son diosas: chalchiuh
1381 1945 2581 2092 xiuhtecutli: macuilsuchitl amo teutl:
1392 2031 2583 2164 vmacatl amono teutl: istlilton, tlal
95 2035 1274 2207 tli icue, no es diosa, vistocioatl,
1393 2117 2566 2250 tetecujn, amono teutl: in opuchtli, a
97 2130 1268 2290 no es diosa: tlaçulteutl, no es
1391 2230 2547 2354 mono teutl: xipe totec amono teutl:
95 2250 1282 2378 diosa: xiuhtecutli, no es dios:
1393 2293 2609 2459 yiacatecutli amo teutl: chicūqujavitl
112 2351 1261 2507 macujlsuchitl, o xuchipilli, no
1394 2376 2581 2513 amo teutl: chalmecacioatl amo teutl:
1390 2486 2563 2617 in acxumocujl amo teutl: nacxitl a
96 2483 1290 2632 es dios, vmacatl, no es dios, istlil
1389 2593 2562 2706 mo teutl: cochimetl amo teutl: in ia
103 2589 1289 2763 ton, no es dios: opuchtli, no es dios
1403 2651 2546 2797 capitzaoac amo teutl: in napa tecu
103 2709 1288 2894 xippe totec, no es dios: yiacate
1395 2743 2601 2920 tli amo teutl: tepictoton, amo teteu:
101 2864 1304 2980 cutli, no es dios: chicūqujaujtl
1379 2847 2585 3009 yntonatiuh amo teutl: in metztli, in
1388 2948 2534 3084 cicitlaltin aiac teutl: in tlaltecutli
111 2959 1306 3101 no es dios, chalmecacioatl, no es
1381 3046 2627 3193 amo teutl, yn teuatl, yn ilhujcaatl,
109 3084 1290 3218 diosa: acxumucujl, no es dios:
1391 3148 2569 3300 amo teutl. Auh yn ie muchintin, yn
123 3193 1300 3319 nacxitl, no es dios, cchimetl no
1399 3261 2566 3391 nican nueva españa, neteutiloia, ie
116 3297 1303 3436 es dios: iacapitzaoac, no es dios:
1399 3332 2598 3506 vecauh, njman aiac teutl: ca muchin
107 3402 1309 3585 napa tecutli, no es dios: tepictoto
1387 3426 2597 3592 tin tzitzitzimj, culeleti: iuhca in teutla
116 3537 1267 3670 no son dioses: el sol, nj la luna,
1381 3535 2580 3680 tolli. Omnes dij gentium demonja:
1395 3654 2601 3799 qujtoznequj. Jn isqujchtin, yn qujn
112 3649 1288 3796 nj la tierra, nj la mar: nj ningu
1395 3746 2598 3893 moteutia, yn tlateutocanjme, muchin
117 3745 1280 3895 no de todos los otros, que adora
119 3837 1289 4008 uades, no es dios: todos son demo
