2574 4150
603 5 1069 183 Apendiz
87 220 1367 339 se partian para ladera, de la sierraque
81 315 1336 409 se llama çacatepec, y alli caçauan: y
91 398 1345 517 hazianlas las otras cosas, como esta di
86 473 1126 606 cho, en la historia deste mes
811 755 1341 907 b.  eō
519 796 796 938 ca Oqul
93 883 1331 1015 El ondezimo edificio, se llamaua tlila
96 1019 1305 1119 pan, que qujere dezir, agua negra:
113 1066 1340 1163 era vna fuente, como alberque, y por
107 1143 1373 1271 estar el agua profunda, parescia negra.
100 1209 1349 1328 Enesta fuente, se banauan los satra
98 1288 1347 1413 pas de noche: los dias que ayunauan
111 1355 1356 1476 en aparejo de las fiestas, que eran qua
110 1438 1354 1531 tro dias, encada mes. Estos eran como
96 1527 1360 1632 Digilia de la fiesta: en aujendo se baña
121 1578 1334 1687 co, in censauan enel cu de miscoatl: y
128 1655 1332 1769 acabando de incensar, alli yuan asu
125 1732 513 1829 moneste rio.
111 1851 1295 1949 El duodezimo edificio, se llamaua tlil
113 1942 1294 2024 lan calmecac: era vn oratorio, hecho
117 1999 1326 2105 a honrra de la diosa cioacoatl: eneste
123 2068 1307 2189 edificio, habitauan tres satrapas, que
101 2153 1333 2244 serujan aesta diosa: la qual visiblemē
108 2212 1360 2310 tejes aparescia, y residia en aquel lugar
92 2289 1334 2400 y dalli salia vistblemente, para yr agon
122 2366 1315 2442 de queria. Cierto es que era el de mo
109 2431 1193 2547 njo, enforma de aquella muger.
109 2581 1313 2726 El tredezimo edificio se llamaua me
105 2680 1308 2778 xico calmecac: este era monesterio,
116 2755 1313 2862 donde morauan los satrapas, y mj
105 2851 1302 2943 nistros, que serujan al cu de tlaloc
107 2923 418 3010 cada dia.
110 3073 1315 3249 Et quarto dezimo odificio, se llama
124 3211 1307 3317 ua coacalco: este era, vna sala en
121 3289 1307 3408 rexada, como carçel: enella tenjā
124 3365 1316 3505 encerrados, atodos los dioses de los
111 3458 1262 3597 pueblos, que aujan tomado por
126 3534 1315 3646 guerra: tenjanlos alli, como capti
133 3637 264 3745 rios.
115 3718 1346 3912 El qujnto dezimo edificio, se llamaua
132 3840 1308 3987 quauhxicaico: este edificio, era vn
147 3905 1319 4068 cu pequeño redondo, de anchura de
1489 18 2150 176 del libro. E.
1426 192 2463 374 no yvi injcvilooaia, aiocnoiac
1407 329 2473 451 njcan mocauhtivia in mexico:
1411 435 2434 554 yoan oiocac vtli qujtocaia:
1415 505 2465 659 vel muchitlacatl vmpa via in
1387 644 1740 747 cacatepec.
1538 788 1979 957 Tilapan.
1409 958 2498 1104 Intlilapan; yncan maltiaia in
1413 1057 2519 1204 tlenamacaque, çan iooaltica: iotl
1401 1158 2510 1316 muchipa. Auh in jquac ommaltique
1392 1271 2488 1461 njman ieic tletema, tlonamaça,
1401 1335 2512 1550 in vmpa mjxcoapan teupan: auh
1410 1459 2501 1642 in ontlenamacaque, njman ieichu
1399 1605 1826 1722 in calmecac.
1516 1767 2318 1949 Elillan calmecac.
1386 1934 2498 2129 Intlillan, calmecac: vncan ono
1397 2070 2410 2235 ca, in jtepixcauh cihoacoatl,
1963 2240 2423 2441 fizo. At
1555 2288 1597 2414 ē
1792 2297 1841 2406 ro
1663 2335 2242 2520 Qci. Xo
1406 2386 1492 2514 c
1542 2479 2279 2636 Nexico calmecac.
1384 2617 2478 2803 Inmexico calmecac: vncan onoi
1392 2702 2496 2867 in tlamaceuhque, in ontlenamāc
1378 2839 2459 2999 tlalocan ijcpac: çan mumuztlae
1574 3055 2090 3221 Cooaçalco
1375 3181 2512 3349 Incooacalco: vncan onoca in aliz
1377 3302 2513 3472 teteu, incanjn ontepeoaia mexicai
1376 3392 2512 3593 in qujmonacia: njman qujnvalvi
1370 3482 2514 3690 ia, vncan qujncalaqujaia: ioanla
1376 3651 2235 3794 çan pialoia in cooacalco.
1556 3742 2183 3924 Quauhxicalco.
1348 3828 2511 4037 In quauhxicalco: vncan tletemaia
