2708 4228
777 66 1727 223 de las fiestas moujbles,
558 236 2118 384 la esqujna dela manta del moco con la falda del. Vipil
563 339 2105 469 dela moca Assi se concluya el matrimonjo, con otras
565 401 2141 536 muchas cerimonjas, y comeres, y beueres, y bayles, que
569 506 2140 627 despues se hazian, como se contiene, en la historia del
552 591 963 722 matrimonjo.
570 739 2110 924 Btras dos fiestas tenjan, que en parte eran fixas, y en
571 866 2147 1003 parte eran moujbles: eran moujbles, porque se hazian
554 939 2139 1083 por años interpolados. La vna se hazia, de quatro en
566 1007 2165 1151 quatro años, y la otra de ocho en ocho años: eran fixas
559 1093 2124 1226 porque tenjan año, mes, y dia señalados. En la que se
562 1180 2115 1291 hazia, de quatro en auatro años, horadauan las ore
557 1248 2112 1375 jas alos njños o njñas: y hazianlos, las cerimonjas,
561 1326 2148 1466 de crezca para bien, y lustrauanlos por el fuego. Enla
560 1403 2115 1535 que hazian, de ocho en ocho años: ayunauan antes
561 1489 2096 1620 della, ocho dias apan y agua, y hazian vn areyto,
541 1558 2158 1681 en que tomauan figuras, o personajes, de diuersas aues
551 1644 2146 1779 y anjmales: y dezian que buscauan ventura, como es
552 1732 1759 1868 ta escrito, enel apendiz del segundo libro.
551 1882 2141 2070 Estas fiestas mouibles en algunos años echan
558 2024 2147 2160 de sulugar alas fiestas del. falendario: como
568 2087 2073 2221 tambien acontece, en nuestro Calendario:
70 2466 180 2599 .
1360 2453 2548 2637 Jnicxo: capitulo, ytechpa tla
162 2451 1274 2648 Capitulo ogrinta de la fiesta
66 2599 1300 2764 y sacrificios que hazian en las lea
1375 2569 2535 2744 toa yn ilhuitl, yoan in nextlaoa
1371 2721 2491 2864 liztli: in quichioaia, yn ipan
61 2698 1276 2882 lendas del primero mes, que se
1375 2813 2510 2983 vel ic cemilhuitl metztli: in quj
55 2807 1269 2991 llamaua, atlcaoalo, o quaujtle,
70 2959 184 3049 oa.
1366 2944 2508 3089 tocaiotiaia, in qujtoaia atl caoa
1356 3049 2158 3229 lo, anoço quaujtleoa.
1355 3316 2517 3515 Quauitleoa, yn in ilhuitl quiça
48 3301 1266 3506 o ay necessidad en este segundo libro de
45 3459 1253 3561 poner conphutacion de las cerimonias
1365 3460 2511 3612 ia: auh yn iquac y, vncan ilhuj
34 3562 1294 3683 ydolatricas, que en el se cuentan: porq̄
1365 3576 2501 3721 qujxtililoia in tlaloque: nextla
50 3625 1293 3755 ellas de suyo, son tan crueles, y tan in hu
1345 3688 2539 3815 oaloia, in noujan tepeticpac, yoa
48 3724 1287 3853 manas: que aqualqujera que las leyere
40 3796 1292 3926 le pondran orror, y espanto: y ansi no ha
1342 3781 2526 3928 neteteuhtiloia, onnextlaoaloia, in
43 3868 1298 4013 re mas de poner, la relacion sim plemēte
1347 3916 2574 4044 tepetzinco, anoço vmpa in vel aytic,
36 3934 328 4039 ala letra.
2414 129 2639 263 fo. 1
