2652 4068
1082 71 1452 233 lpendis.
2263 106 2500 218 fo. 35
1315 229 2464 359 yntech tlamjloia in tlalloque, in teila
55 229 1255 380 con muchos otros sus compañeros, lla
1315 310 2467 445 qujliztli, tlavitequjliztli; ipampa yn
62 337 1251 454 mados tlaloque: atribuian vrōs an
1323 404 2441 552 in diablome, qujmilhujqujstiliaia, y
61 442 1214 587 tepasados falsamente, la lluuja,
1315 494 2423 600 nipan quavineoa, anoço atl caoalo
76 563 1235 701 los truenos rayos, y granizo: y to
1321 559 2437 689 in veuetque, in iquac xiuhtzitzquj
1315 639 2460 783 loia: in ipam imilhujuh, tepeticpac mjc
73 663 1228 793 das las cosas de mantenjmientos,
1311 750 2476 886 tiloia, mjequjntin pipiltzitzinti, inmo
75 766 1224 906 que se crian sobre la tierra: dizien
1324 832 2443 977 teneoaia tlacateteuhti, in iehoantin
79 849 1237 1011 do que este diablo, con los demas
1342 928 2453 1061 yn vntecuezçomeque, in qualli into
75 985 1264 1102 sus compañeros, lo criauan, y da
1340 994 2455 1129 nal: no yoan temoloia, patiutiloia:
1339 1081 2444 1207 mjtooaia, ca iehoantin vel tlaçonex
88 1077 1252 1222 uan, alos hombres, para susten
1324 1181 2461 1321 tlaoalti. Jnjn ca cenca vey, yoan cen
87 1174 1238 1329 tar la vida. A honrra deste dia
1327 1265 2472 1396 ca temamauhti tlatlaculli, in quj
88 1258 1288 1449 blo, y sus companexos: hazian grā
1330 1338 2497 1497 chioaia in veuetque, yn jmpampa dia
86 1412 1234 1564 fiesta, el primero dia del año:
1326 1430 2471 1614 blome, intzitzitzimj, in culeleti: in ie
105 1509 1246 1658 cada vn ano, que era el segundo
1334 1550 2471 1677 hoan tlaloque momotia ca iehoanti
92 1615 1231 1791 dia del hebrero: enel qual dia,
1342 1642 2453 1801 qujtemaca, in qujaujtl: yoan in is
1346 1741 2480 1903 qujch tonacaiutl: ic cenca omotlapo
102 1758 1248 1870 matauan innumerxables njños
1342 1862 2460 1973 loltique in veuetque, yoan cenca, o
104 1861 1274 1972 sobre todos los montes imjnētes.
1348 1904 2471 2088 qujmoiolitlacalhuique yn dios: cacā
88 1941 1235 2107 Esta horrenda crueldad, ha
1345 1992 2473 2203 vel izeltzin techmomaqujlia, in tizquj
93 2055 1273 2211 zian vrōs antepassados, engañā
1349 2102 2449 2262 chti cemanaoac titlaca, in iehoatl,
112 2161 1266 2329 dos por los diablos enemigos del
1355 2222 2478 2393 qujavitl, ynjc muchioa yn isqujch
110 2282 1231 2429 genero humano: y aujendo se
1357 2340 2454 2470 tonacajutl: ca uihca in teutlatolli,
114 2392 1260 2557 persuadido, que ellos los dauan
1355 2423 2475 2575 izcatquj. Pabo vobis pluujas, tempo
105 2508 1251 2665 las pluujas, como solo dios, es el
1362 2514 2498 2681 ribus sujs, et terra germjñabit ger
1363 2637 2468 2752 men suum: et pomjs arbores re
109 2627 1259 2772 queda, las pluujas: y todo lo que
1351 2714 2517 2887 plebuntur. leujtici. 20. Motlatoltia
115 2730 1273 2887 enla tierra se cria, como parece cla
1369 2806 2497 2994 in totecujo dios, qujmitalhuja. Na
110 2854 1291 3013 ro, por la sagrada escriptura. Da
1362 2919 2476 3077 mechnomaqujliz in qujavitl, in ce
113 2974 1265 3134 bo vobis pluujas temporibus sujs
1352 3020 2497 3146 cexiuhtica yn imonecian (in tlauel
113 3095 1268 3254 et terra, germjnabit germen suū,
1358 3122 2510 3273 anqujmonemiliztizque notenaoatil,
121 3209 1291 3339 et pomjs arbores replebuntur. Leuj
1362 3216 2536 3352 in tlacatle tlateutoqujliztli, anqujchi
104 3324 1271 3457 tici. 26. qujere dezir. yo os dare
1364 3325 2480 3454 oazque). auh in tlalticpactli notenco
118 3421 1292 3575 pluujas en sus tiempos, y la tierra
1361 3424 2489 3564 pa tlaxoaltiz, tlatlaaquillotiz: auh
118 3519 1253 3679 por mj mandado, engendrara sus
1369 3533 2510 3644 in xochiqualquaujtl, no tencopa cen
1365 3627 2538 3747 ca moxochiquallotiz, cenca tlaaquiz.
100 3626 1260 3763 yeruas, y mantenjmientos: y por
1361 3711 2546 3838 Jnamoculhoan, amo qujmattiaque
103 3714 1273 3857 mj mandado, los arboles, se hinchi:
