2582 4126
501 80 922 253 libro.
37 272 1285 428 borrachos: y todos estos effectos, los atribu
40 374 1261 525 yan, al dios del vino, y al vino: y no al
56 470 1229 600 borracho. Y mas tenjan, que el que de
56 550 1268 679 zia mal, deste vino, o murmuraua del,
47 631 1266 761 le auja de acontecer algun desastre.
46 720 1267 862 Lo mismo, de qualqujera borracho, que
71 803 1246 964 si alguno, murmuraua del, ole afron
78 904 1293 1033 taua: aunque dixesse, o hiziesse, mill ve
81 995 1231 1131 llaquerias: dezian, que auja de ser,
91 1086 1268 1267 por ello castigado: porque dezian, que
90 1208 1265 1350 aquello no lo hazia el, sino el dios, o por
92 1294 1274 1448 mejor dezir: el diablo, que estaua enel:
86 1387 1271 1567 que era, este tezcatzoncatl, o alguno de
87 1487 1272 1626 los otros. Este tezcatzoncatl, era pari
89 1597 1275 1741 ente, o hermano, de los otros dioses, del
78 1688 1295 1841 vino: los quales se llamauan, vno yiauh
86 1791 1274 1920 tecatl, otro acoloa, otro tlilhoa, otro pa
80 1905 1248 2031 tecatl, otro izqujtecatl, otro tultecatl,
86 1982 1250 2114 otro papaztac, otro tlaltecaiooa, otro
76 2077 1266 2207 vmetuchtli, otro tepuztecatl otro chi
94 2161 1265 2292 malpanecatl, otro colhoatzincatl. De
90 2236 1286 2380 lo arriba dicho, se colige claramente,
95 2329 1232 2499 que no tenjan por pecado, aquello
96 2416 1272 2586 que hazian estando borrachos: aun
98 2498 1281 2689 que fuessen grauissimos peccados: y
102 2609 1309 2741 aun se conjectura, con harto funda
98 2677 1301 2831 mento que se emborrachauan, por
90 2798 1265 2941 hazer lo que tenjan, ensu volun
100 2864 1280 3029 tad: y que no les fuesse inputado
97 2983 1268 3108 a culpa, y se saliessen con ello, sin
103 3073 1263 3260 castigo. Y aun agora, enel xpīanjs
102 3171 1290 3329 mo, ay algunos, o muchos, que sees
100 3271 1284 3427 cusan de sus peccados, con dezir: q̄
107 3360 1303 3527 estauan borrachos, quando los hizie
103 3448 1325 3609 ron: y esto con pensar, que el opinjon
89 3565 1299 3688 erronea, que tenjan de antes: corre
88 3647 1304 3779 tambien enel xpīanjsmo, enlo qual
93 3736 1268 3895 estan muy engañados: y es menes
97 3823 1257 3981 ter aujsallos dello, asi enla confe
65 3899 869 4045 ssion, como fuera della.
1423 34 2094 226 de los dioses.
1350 264 2551 423 tezcatzoncatl, ynoan pouj, yn
1346 399 2537 555 oan eoa, yn moteneoa, centzō
1335 498 2525 699 totochti, yn vctli in nacaio,
1369 630 2544 831 yn iJauhtecatl, Aculhoa, tlil
1361 776 2550 973 hoa, pantecatl, Jzqujtecatl,
1351 946 2540 1149 Toltecatl, papaztac, Tlalte
1352 1119 2541 1287 caiooa, vme tuchtli, tepuz
1348 1285 2549 1465 tecatl, chimalpanecatl, Col
1361 1436 2538 1626 hoatzincatl. Auh ynjne
1369 1597 2559 1765 chichioal Tezcatzoncatl azta
1398 1782 2552 1945 tzone, iacametze, amanaco
1370 1921 2525 2113 che, cveçalvitoncaoa, chaia
1365 2084 2546 2253 oac cutzque, colotlalpile, vme
1368 2230 2563 2401 tuchchimale, itztopile, tecpa
1373 2397 2148 2550 topile, notzitzile.
1566 2572 2195 2744 fin del libro.
