2730 4286
1977 130 2054 199 n.¶.
2264 86 2573 263 fo. 0.
25 189 2621 365 numeros y caracteres. Demanera, que cada vn caracter: viene axeinar
3 329 2628 488 treze dias, y el numero de todos estos dias son dozientos y sezenta, y de
8 458 2600 597 alli buelue otra vez al principio. Tambien en el principio desta cuenta
-6 580 2632 724 zepone la manera de contar de los años, porque estas dos cuentas andā
7 673 884 834 vnculadas o pareadas
2100 3371 2238 3486 o. f
2364 4164 2511 4286 zrc
