2628 4018
2252 25 2539 171 fo. 4.
1049 36 1471 207 Apendiz.
1311 160 2465 324 C. Oc nomjectlamantli, netlapololtiliz
75 170 1232 341 C. Otras locuras sin cuento, y otros dio
1317 289 2443 390 tli oqujchiuhtiaque, yn amoculhoan:
67 298 1202 438 ses, sin numero, in ventaron vrōs
1314 366 2476 489 yoan occenca mjequjnti, yn amoçanda
76 412 1218 564 antepassados, que nipapel, nj tiem
1307 445 2482 562 poalti in teteu in oqujnmoteutique, in
1329 501 2432 617 amotahoan, yn amoculhoan, in aiac
60 517 1135 645 po bastarian para escreujrlas.
1326 578 2448 691 vel qujcujloz: yoan in anoiac vel qujnpo
209 614 331 729 e
778 613 1034 777 los. p.
1328 651 2150 818 az, ynjc cenca mjequjnti.
169 741 752 929 ēdCi
1331 844 2470 1035 Mauelqujcaquj, in qujpoaz hi.
271 891 780 1096 Al lector.
1331 1124 2464 1288 Inactehoatl, in ticpoazin, in tlatolli in
88 1107 1270 1324 Ruegote por dios viuo, aqujen qujera
1343 1225 2460 1373 tlacpac omjto, yn omjcujlo, cencatle
99 1270 1232 1422 que esto leieres: que si sabes, que ay
1338 1315 2436 1478 ticmati: vel xicmati, camonahoa
100 1367 1235 1516 alguna cosa, entre estos naturales, to
1347 1409 2453 1564 til muchiuhtica, ynjspantzinco in
91 1474 1268 1605 cante aesta materia, de la ydolatria:
1353 1494 2447 1656 dios: injc titlatoz, intla ticmati, in
91 1571 1268 1729 des luego noticia, alos que tienen cargo,
1344 1594 2463 1757 tlaaca qujchiuhtinemj, anoço cana
97 1672 1265 1829 del regimjento espiritual, o temporal:
1351 1699 2481 1869 pa muchiva, yn omjto tlateutoquj
88 1779 1254 1919 para que con breuedad, se remedie: y
1350 1797 2495 1966 liztli: njman tiqujspantiliz, yn jius
91 1863 1278 2028 haziendo esto, haras lo que eres obliga
1354 1889 2517 2056 ticia in sancta yglesia, in teupisque:
94 1970 1278 2133 do: y sino lo hizieres, en cargaras tucō
1361 1988 2462 2182 yn anoço y iusticia yn audientia re
95 2111 1262 2238 ciencia, con carga, de grandissimas
1363 2070 2484 2251 al: in topileque, oc cenca iehoantin
94 2181 1293 2329 culpas: porque ansi como este es el ma
1375 2177 2489 2344 in padreme: amo can neiolmelaoa
93 2270 1295 2425 ior, de todos los peccados, y mas offensi
1363 2252 2490 2448 lizpan, vel neteilhujlizpan. Auh
95 2372 1315 2532 uo, de la diujna magestad: ansi tam
1375 2371 2489 2551 ynjn iciuhcatiqujtoz: amo tucveca
97 2480 1288 2614 bien nr̄o señor dios castiga, a los que en
1380 2470 2497 2625 oaz, amono timomauhtiz: vel ti
1391 2555 2493 2737 qujspantiliz in teupisquj, yn juh oti
103 2585 1288 2721 el offenden, con major ripor, que anjn
97 2681 1328 2813 guno de todos los atros peccadores. Y alos
1398 2662 2519 2839 qujttac, yn juh oticcac. Jn aqujque
95 2745 1313 2905 que encubren, este peccado, ansi mjsmo
1398 2760 2505 2931 yntla qujmati, in tlaoqujttaque, in
95 2866 1319 2998 los castiga, con grauissimos tormentos, en
1387 2867 2554 3018 tlateutoqujliztli, yn amo qujtoznequj,
109 2947 1300 3093 este mundo, y enel otro. No se deue de
1396 2971 2505 3134 yn amo qujspantiliznequj, in teupis
105 3073 1314 3197 tener por buen christiano, el que no es
1407 3063 2540 3233 quj: ca tlateutocanjme, ça diablome,
90 3151 1311 3311 perseguidor, deste peccado, y de sus au
1394 3191 2212 3372 yiauoan in totecujo dios,
104 3255 1299 3401 tores: por medios licitos, y meritorios.
942 3344 1259 3567 . El o
1906 3515 2129 3686 u. C
942 3591 1255 3825 oi, to.
