2700 4140
1026 28 1510 319 Pcologo.
64 299 2671 535 Como con apetito de mas saber, nuestros primeros padres, merecieron: ser priui
168 469 2675 632 dos, del original saber, que les fue dado: y caer en la noche muy escura, dela
168 589 2678 745 norancia: enque a todos nos dexaron. Vo auiendo aun perdido, aquel maldica
151 677 2668 858 apetito: no cesamos, de porfiar: de quexer in vestigar, por fas o pornesas, lo quā
178 775 2660 1004 ignoramos: ansi cexca delas cosas naturales, como cerca de las cosas, sobe natura
166 863 2665 1085 les. Y aunque para saber, muchas cosas, destas: tenemos camnos muchos, y muy
170 978 2672 1171 cioxtos: no nos contentamos, con esto: sino que por camnos nolicitos, y vedados: pa
166 1063 2668 1256 curamos de saber: las cosas, que nuestro señor dios, no es seruido, que sepamos: co
152 1197 2661 1385 son, las cosas futuras: y las cosas secretas lesto, alas vezes, por via del demono
170 1274 2676 1481 a las vezes, conlecturando, por lbs bramidos, dola hmmales: o garridos de las
166 1399 2665 1591 aues o por el aparexez, de algunas sauandijas. Lales este, que cundio en todi
171 1507 2673 1694 el human al linaie: y como estos naturales, lon buena parte del: cupolos harta
164 1659 2644 1836 parte, desta enfermecad. I parqua, bara quando, llagados desta llaga: fuena
172 1715 2671 1929 a buscar medicina: y el medtca, los pueda facilmente, entender: se ponēcull
147 1884 2654 2055 presente libro: muchos de los sagueros, que estos naturales vsauan: y ala posro
134 1966 2622 2161 se trata de diuersas manera cteescuntiguas: que de noche, los aparecian
1062 2095 1512 2255 jsistiss sssse
1073 2201 1488 2344 B.5.I5555
1104 2307 1457 2468 is.E.
1159 2413 1333 2558 Ess5
