1870 2662
392 44 658 163 libro. 1.
101 126 872 253 ra, a algunas prouyncias. Este como su
91 226 874 301 vicario, seruja de quando repentinamē
94 274 871 369 te, se ofresia de salir al encuentro, a
96 325 859 414 los enemigos: porque entonce era me
106 386 859 467 nester, que este paynal, que qujere
107 452 882 536 dezir: ligero, apressurado, saliesse en
106 496 885 597 persona, a mouer la gente: paraque cō
112 546 867 638 toda priesa saliessen, auerse con los e
113 605 866 708 nemigos. Despues de muerto, la fies
115 655 895 756 ta que le hazian: era que vno de los sa
115 709 872 808 trapas, tomaua la ymagen, deste pay
115 775 882 860 nal: compuesta con ricos ornamentos, co
109 817 885 915 mo dios: y hazian vna procession conel,
105 871 915 982 bien larga: y todos yuan corriendo, a mas
111 925 881 1030 correr: ansi el que le lleuaua, como los
109 988 881 1108 que le segujan. En esto, representauā,
116 1045 892 1142 la priessa, que muchas vezes, es nece
119 1099 867 1220 ssaria: para resistir, a los enemigos:
123 1149 876 1265 que sin saberlo acometen, haziendo
126 1228 277 1291 celadas.
127 1259 881 1382 El tercero capitulo, trata: del dios
127 1339 883 1433 llamado, tezcatlipoca: el qual gene
127 1379 900 1484 ralmente, era tenjdo por dios: entre
133 1455 872 1544 estos naturales, desta nueua es
119 1527 520 1614 paña, es otro Jupiter.
130 1546 896 1654 El dios, llamado tezcatlipuca: era tenjdo
139 1636 906 1715 por verdadero dios, y invissible: el qual
130 1666 904 1752 andaua, en todo lugar: enel cielo, enla
128 1720 882 1807 tierra, y enel infierno. Y tenjan, que
125 1774 914 1880 quando andaua enla tierra, mouja gue
133 1818 909 1910 rras, enemistades, y discordias: dedon
130 1872 897 1964 de resultauan, muchas fatigas, y de
124 1922 897 2035 sasosiegos: dezian que el mesmo, inci
127 1971 903 2063 taua a vnos contra otros: para que tu
132 2040 896 2144 uiessen guerras. Y por esto le llama
130 2079 909 2182 uan necoc iautl, qujere dezir: sembra
139 2136 875 2248 dor de discordias, de ambas partes. Y
135 2202 910 2299 dezian, el solo ser el que entendia, en el
134 2246 903 2370 regimjento, del mundo: y que el solo
143 2303 917 2406 daua, las prosperidades, y riquezas:
132 2379 912 2453 y que el solo las qujtaua, quando se
132 2427 907 2506 antojaua. Daua riquezas, prospe
1051 51 1424 142 de los dioses.
929 159 1715 262 tli, yn iquac tlaiaoaloaia, motocaio
922 231 1700 324 tia paynal: ipampa ca cenca, qujto
923 308 1714 384 totzaia, qujmotlalochtiaia. Auh in
926 372 1720 461 maceoalti, qujtocaia, qujtlalochtoca
923 447 1723 551 ia, coiohujtiuja, quicaoatztiuja, te
933 527 1732 614 uhtli quiquetztiuja, tlalli qujpototz
936 605 1722 696 tiuja: iuhqujn tlaixqujqujça, tlalli
933 665 1714 768 tetecujca: auh ce tlacatl qujnapa
927 754 1742 844 lotiuja. Auh ynjc muchichioaia,
937 831 1703 924 teuquemetiuja, quetzalapaneca
933 883 1741 999 iutl, in contlalitiuja, ixoacalichioale,
941 977 1728 1074 ixcitlalichioale, mixcitlalichiuh, xi
942 1057 1724 1144 uhiacamjoa, vitzitzilnaoale, eltezca
937 1133 1342 1228 oa, xiuhchimale.
972 1235 1692 1362 Jnic ey, capitulo, ytechpa tla
948 1324 1702 1412 toa in teutl, yn jtoca tezcadlipoca:
956 1387 1712 1499 in qujmoteutiaia, yoan in qujtla
948 1466 1441 1558 manjliaia, ie uecauh.
960 1554 1716 1679 Tezcatlipoca: ynin vel teutl ipan
957 1643 1746 1754 machoia, noujian ynemjian: mictla,
957 1723 1733 1814 tlalticpac, ylhujcac. Jn jquac nemja
955 1796 1704 1900 tlalticpac, iehoatl qujiolitiaja, in
949 1866 1711 1965 teuhtli tlaçolli: cococ teupouhquj,
960 1950 1736 2059 qujteittitiaia, tetzalā, tenepantla mo
951 2022 1721 2121 tecaia: ipampa y, mjtoaia: necoc ia
955 2100 1727 2187 utl, muchi qujiocoiaia, qujtemouj
959 2162 1723 2267 aja, qujteecaujltiaia, qujtecujtia
954 2244 1717 2343 ia, yn jxquich aqualli tepan mu
970 2311 1722 2408 chioaia: teca maujltiaia, tequeque
973 2397 1747 2475 loaia. Auh in quenman, qujtema
