2438 3976
622 -20 1159 201 Libro. E.
90 248 1210 357 lando, alas mugeres, yvanlas ta
95 339 1244 439 nedo, con vn teponaztli, que no te
90 432 1279 555 nja mas que vna lengua encima,
79 493 1223 630 y otra de baxo: y enia de baxo, lle
85 579 1216 714 uaua colgado, vna xicara enque
87 685 1219 804 soelen peuer agua, y assi suena
86 758 1196 881 mucho mas, que los que tienen
90 845 1213 990 dos lenguas, enla parte de arri
84 926 1220 1070 ba, y njnguna abaxo: aeste te
91 1017 1229 1164 ponaztli llaman tecomapiloa: lle
87 1096 1239 1229 uauate vno de baxo del sobaco, ta
91 1186 1207 1310 nendole, por ser desta manera
88 1265 1234 1400 hecho. Los gentiles hombres, que
93 1358 1202 1495 yuan baylando, yuan delante:
93 1458 1221 1585 yno lleuauan aquel compas, de
91 1543 1234 1680 los areytos, sino el compas de las
96 1639 1231 1759 danças de castilla la vieja: que
100 1722 1226 1853 van vnos trauados de otros, y cu
84 1831 1204 1930 lebreando. Pambien los mjnjs
87 1910 1237 2054 tros de los ydolos, yuan baylando
74 1989 1228 2168 y dançando, al son del mesmo te
77 2099 1226 2265 ponaztli: yuan tañendo sus cor
87 2207 1223 2331 netas, y sus caracoles: y quando
67 2291 1222 2420 los satrapas hazian buelta, de lā
90 2385 1194 2540 te de la diosa xilonen, sembra
87 2466 1201 2611 uan encienso, pordonde yua a
88 2572 1224 2723 passar. Y el satrapa, que auja de
87 2674 1214 2802 matar aquella muger, yua con
71 2747 1217 2886 sus aparejos, y acuestas lleuaua
81 2831 1214 2996 vn plumaje, que salia de entre
77 2932 1212 3068 las vnas, de vn aqujla: el qual
80 3046 1188 3161 plumaje, estaua enxerido, en
80 3109 1189 3252 vna pierna de agujla hechiza:
57 3184 1219 3365 y vno de los satrapas, lleuaua de
75 3274 1207 3405 lante la tabla, de las sonajas, de
80 3368 1189 3534 que auemos hablado atras. En
81 3441 1213 3612 llegando al cu del dios que se lla
80 3533 1200 3667 maua cinteutl, donde auja de
74 3624 1189 3759 morir esta muger, ponjase de
72 3724 1192 3843 lante della: ei satrapa que lleuā
1546 32 2373 199 de las cerimonjas:
1323 246 2380 379 yn oqujchti, çan nonquaman
1331 344 2364 489 tiuj, cololujtiuj, qujtepeuj
1340 449 2374 584 tiuj in xilonen: qujcioapā
1342 553 2375 698 cujcatitiuj: in iehoantiny,
1331 664 2354 796 cioa moteneoa tecomapi
1326 753 2351 921 looa. Auh intiachcaoan
1312 889 2341 1024 ixpan mjtotitiuj, mococo
1330 1001 2329 1145 lotiuj: auh ynic mote.
1318 1099 2363 1244 neoa tecomapilooa, ca in
1324 1221 2371 1385 teponaztli in qujujtecti
1329 1330 2356 1496 uj, itech caliuhtiuh in a
1311 1462 2369 1620 tecomatl, yhicampa ite
1316 1606 2370 1722 putzco ietiuh in teponaz
1327 1693 2356 1854 tli, iuhqujnpilcatiuh ic
1302 1811 2372 1972 neci: in teponacoa can quj
1301 1923 2384 2084 ciacaujtiuh in teponazttin
1299 2056 2365 2214 tli, in qujujtectiuh olma
1303 2153 2365 2312 tica. Auh intlamacazci
1315 2294 2394 2454 que, tenanamjquj tlapili
1293 2419 2389 2555 tiuj, tecciztli in qujpitztiuj:
1312 2534 2374 2674 yoan yn iauhtextli in quj
1307 2653 2377 2830 pipixotiuj, qujcecenmati
1305 2779 2395 2942 uj, qujtetepeuhtiuj, conjx
1299 2902 2386 3050 namjctiuj in xilonen. Auh
1302 3022 2350 3166 in tlenamacac, in tlamjc
1288 3136 2378 3285 tiz, vel mocencaoa, mu
1290 3269 2397 3440 chichioa, quauhiztitl in quj
1286 3409 2383 3562 mama, quetzalli ynic mo
1287 3506 2396 3664 iaoatiuh, quamoloctli, yn
1291 3622 2388 3754 itecomaio ietiuh quetzalli
1301 3731 2336 3890 cuztic teucujtlatl yn itec
