2714 4210
1135 2 1704 192 delos agueros,
2466 16 2714 164 fo. l4.
733 130 1072 283 oiutiltsi.
1414 159 2671 302 xoiaia, ca amo qualcan, in otioal
1405 295 2639 460 laque; ca itla ipan ticholozque
1386 404 2442 556 otetzaujtl itechpa in coiutl.
66 413 1273 593 AJi mesmo dezian: que tezca
1417 509 2620 659 tQujtoaia, ca in tezcatlipuca:
64 554 1254 679 tlipuca, muchas vezes se trasforma
1401 637 2615 768 mjiecpa qujmonaoaltiaia in Cō
70 649 1270 795 ua en vn anjmal: que llaman cō
51 748 1283 899 iutl: que es como lobo, y ansi trasfor
1395 753 2597 934 iutl: auh injn coiutl, mjiecpa
54 863 1261 1032 mado, ponja sedelante de los camjnan
1383 902 2655 1097 teiaiacatzacujlia in vtlica. Auh
56 978 1275 1133 res, como atajando los el camjno: pa
1386 1060 2658 1219 in jquac iuhqujchioa y, njman
53 1081 1305 1249 raque no passasen adelante: y eneste
55 1205 1244 1349 entendia el camjnante, que algun
1388 1223 2611 1418 icmocaquj, ca amoqualcan
42 1320 1267 1465 peligro auja adelante, de ladrones
1384 1370 2625 1537 inviloa: aço ichtecque, anoço
38 1415 1289 1578 o robadores: o que alguna buca des
1383 1526 2601 1677 tetlatlacaltique, cana vtlica
38 1557 1262 1692 gracia, le auja de acontecer, gjon
27 1663 934 1782 do el camjno adelante
1373 1679 2648 1868 cate: anoço itla ipan chololo
1373 1823 1996 1988 atiuh, in tecoco.
120 1852 1244 2108 Tin del libro, de los agueros.
1480 2035 2592 2238 Nican tzonqujca yntetza
1561 2209 2566 2361 vitl:; yn qujtetzammatia
1552 2307 2659 2491 njcan nueua espana tlaca.
