2472 4084
511 45 1007 223 Libro. 2.
80 244 1246 395 y de quauhnaoac, y de coiooacan
73 339 1243 490 y otros pueblos comarcanos: todos
81 418 1298 547 lleuauan arcos, y saetas, y yuanse
93 529 1280 650 juntando poco a poco, a corralando
82 619 1261 736 la caca, que eran cieruos, y cone
90 709 1282 852 jos, y uebres, y coiotes: quando ya
87 790 1252 916 estaua junta la caca, arremeti
97 888 1256 1047 an todos, y tomaua cada vno lo
92 971 1247 1131 que podia: pocos anjmales de
86 1079 1246 1204 aquellos se escapauan, o casi nin
101 1148 1232 1330 guno. Aujendo tomado los anj
92 1240 1265 1406 males, yuase cada vno, para su
96 1332 1277 1501 pueblo: y los que tomaron algu
94 1424 1273 1570 na caça, matauanla, y lleuauā
92 1520 1302 1661 la la cabeça consigo: y los que ca
104 1627 1265 1790 çauan algunos anjmales, dauā
94 1705 1270 1859 los, mantas, por ligeros, y osados:
123 1809 1264 1929 ttambien los dauan comjda. En
103 1898 1279 2032 acabando la caca, luego se yuan
92 1978 1252 2133 asus casas: todas las cabeças: de
104 2076 1257 2210 los anjmales, que aujan toma
91 2162 1254 2313 do: los quales lleuauan, colgaua
84 2238 1266 2390 las en sus casas. Enel sexto dia
91 2340 1294 2525 que se llamaua cacapan qujxoa
101 2441 1241 2613 dauan los abereços de papel, a
91 2546 1291 2692 los esclauos, que aujan de matar
110 2647 1274 2787 a honrra del dios Tlamatzincatl:
86 2749 1257 2925 y a honrra del otro dios, que se
102 2846 1298 3002 tlamaua Izqujtecatl. Estos escla
98 2929 1231 3102 uos comprauan, los que hazen
101 3033 1245 3217 pulcre, y los que hazian pulcre
102 3158 1245 3294 para cMlotecucoma: estos mu
99 3237 1269 3380 rian, a honrra de aquellos dioses
102 3350 1280 3486 ya dichos. Otros dos esclauos que
96 3437 1268 3582 matauan, a honrra del dios, mjx
99 3540 1284 3682 coatl, y de su muger, que llama
101 3608 1287 3772 ua eoatl ycue: cōmprauan los los
104 3694 1295 3872 calpisques, allende destos hombres
98 3776 1266 3958 que matauan, a honrra: de tla
1467 80 2248 234 de las cerimonjas
1328 233 2419 372 namoialo, tecujcujtivecho, ia
1347 377 2438 521 qujct in tematitlampa qujez,
1325 500 2408 634 i aiamo mjquja. Auh inie
1334 614 2408 763 iuhquj, mmā ie ic tlaxitinj,
1332 710 2397 885 oal necuepalo: auh intla
1330 852 2419 1013 manjme, ocompa ommoca
1323 937 2427 1134 oa, oc tlamjctia: ia qujnmo
1331 1082 2423 1234 çatl ocacic, anoço coiotl, qujn
1339 1173 2428 1368 tlauhtia in Motecuçoma, a
1332 1275 2416 1493 njvivavanquj i tilmatli:
1333 1425 2411 1613 i tlaclamanj, qujmoquet
1322 1560 2416 1702 toz: auh in tlacamo tlama
1321 1668 2436 1855 nj, çan qujtlatoz tanaco, ano
1324 1772 2431 1950 es quj monamaqujliz: oan
1339 1897 2405 2062 itlamanjma qujn tlama
1336 1982 2423 2162 ca in Motecucoma, yoāatli
1344 2115 2415 2290 stuh mieiihquj motlamjc
1324 2239 2417 2400 tiloc, mjcpac cacatepetl: nj
1325 2358 2410 2499 man ie icviloatz, catio iil
1335 2479 2413 2633 tzontacon qujoalhujxoca
1341 2572 2396 2733 mtlan qujmaana, chichi
1340 2700 2414 2821 picativitz i eztli, mo aciuo
1328 2765 2411 2974 in chachan, aço qujnpipito
1324 2926 2421 3083 auh can mpa concaoa mo
1326 3043 2436 3235 Notecucoma. Auh mjquā
1329 3174 2405 3346 cacapan qujxooaia: iquac
1335 3282 2434 3444 qujn macaia mjnamatlal
1337 3387 2441 3569 quj mjzqujn tin mjqujzquā
1334 3515 2423 3665 ienoacl in Tlamatzzincatl, inj
1338 3621 2432 3798 equjn tin mochi chioaia, itla
1354 3750 2426 3911 altilhoan: mjc vme iehoao
