2690 4218
466 87 905 268 libro. 1.
123 281 1267 446 o vender. Son estos mercaderes, çufrido
117 378 1283 516 res, de muchos trabajos: y osados para
114 478 1285 610 entrar, entodas las tierras: aunque
121 572 1306 673 sean las tierras, de enemigos: y muy
125 643 1290 775 astutos, para tratar, con los estraños:
124 723 1272 877 assi deprendiendo, sus lenguas, co
127 816 1273 956 mo tratando conellos, con benjuolen
125 885 1355 1020 cia: para atraerlos, asu famjliaridad.
134 985 1332 1115 Estos descubren, donde ay las plumas
140 1065 1334 1204 preciosas, y las piedras preciosas, yeloro:
141 1139 1323 1289 y las compran, y las lleuan a vender,
124 1223 1331 1380 donde saben, que han de valer mucho.
122 1301 1311 1461 Tambien estos descubren, donde aype
126 1409 1309 1561 llejos de anjmales esqujsitos, y precio
119 1498 1317 1644 sos: y los venden, adonde vale mucho.
147 1578 1304 1700 Tratan tambien, en vasos preciosos, he
145 1649 1318 1782 chos, de diuersas maneras, y pintados
138 1741 1295 1905 con diuersas figuras: segun que endi
140 1837 1313 1955 uersas tierras, se vsan. Vnos con ta
135 1931 1337 2069 paderos, hechos de conchas, de tortugas:
125 1999 1315 2142 y cucharas de lo mjsmo: para reboluer
140 2101 1364 2212 el cacao. Otros, con tapaderos, muy pin
127 2167 1361 2311 tados, de diuersas colores, y figuras: he
147 2258 1316 2400 chas a manera, de vna hoja, de vn
133 2357 1309 2507 arbol: y otros palos preciosos, para re
126 2450 1347 2587 boluer el cacao. Si han de entrar, enti
142 2512 1361 2677 erra de guerra: primero deprenden, el
123 2617 1373 2796 lenguaje de aquella gente: y toman el
138 2726 1357 2868 traje della: para que no parezcan, que
122 2787 1375 2951 son estranjeros: sino que son naturales.
129 2876 1369 3037 Acontecia muchas vezes, que los enemj
117 2958 1359 3158 gos, los conocian, y los prendian, yma
131 3034 1374 3220 tavan: y si vno, o dos, o mas, se podian
121 3127 1366 3285 escapar, yuan adar mandado, al señor
139 3227 1364 3371 principal, de la tierra: como motecuçu
145 3282 1373 3469 ma, o otros sus antecessores: y lleuava
128 3405 1363 3580 algunas, de aquellas riquezas, que auj
126 3484 1352 3629 an en aquella tierra: y presentauan
118 3559 1371 3724 las, al señor: ycontauanle, lo que aujan
128 3649 1343 3812 passado, y dauable la relacion, de la tie
140 3730 1339 3873 rra: que aujan visto. El señor, en remu
129 3791 1371 3934 neracion, de sus trabajos, paraque fuesse
109 3876 1385 4015 honrrado, enel pueblo, y tenjdo por vali
1451 65 2149 240 de los dioses,
1383 280 2606 459 quequetza: vel qujciiauj vel qujhi
1385 408 2607 580 iouja, ynic qujtemoa in chalchi
1389 516 2622 702 ujtl, in quetzalitztli, in teuxiujtl,
1394 631 2599 837 yn apoçonalli, in teucujtlatl: in
1399 781 2592 984 nepapan ihujtl, in quetzalli, in
1395 892 2591 1095 tzinjtzcan, in tlauhquechol, xi
1390 1041 2570 1203 uhtototl, in toztli, çaqua: qua
1411 1137 2601 1307 uhtli, in tequaneoatl, yn ocelu
1396 1270 2569 1450 petlatl. Auh in tecomatl, in
1395 1414 2555 1571 poctecomatl, in aiutectli, in a
1396 1529 2592 1715 quaujtl, yn atzaccaiutl: intla
1401 1673 2587 1862 nel iautitlan, in tzacuj, intza
1408 1805 2622 1977 cutica, tetlan onnemj, vel cala
1437 1956 2651 2161 quj, motlacacuepa in nechichi
1413 2092 2629 2276 oaliztica, in nexintica, in tlatol
1429 2269 2603 2444 tica, qujntlaehecalhuja incha
1428 2406 2634 2586 neque. Auh intla otlaneçomal
1439 2541 2681 2705 tique, intla oittoque: vncan qujn
1437 2678 2621 2847 poiomjctia, qujnchillatilia: ca a
1427 2827 2635 3003 ca, aço ce, aço vme, yn oc ne te
1439 2957 2613 3115 matitlanpa qujça, iehoatl quj
1423 3094 2564 3259 oalnonotzaia in motecuçuma:
1434 3239 2609 3403 ic vncan qujmaca, caqujlia, y
1440 3369 2628 3556 apoçonaltenteuh, yc qujmavizio
1429 3497 2662 3660 tia, ic qujnezcaiotia, in tiiacauh,
1449 3618 2565 3798 vncan ic oqujchtia. Auh ynj
1437 3730 2653 3939 quac oalacia, ynchan: yn jmiloch
1461 3864 2693 4029 ynnecuepal oqujchiuhque, yn otlal
