1572 2464
410 45 671 140 Apendiz
128 145 821 258 El sexagessimo tercio edificio, se lla
142 223 824 287 maua, Nappa tecutli yteupan,
139 271 833 349 este era vn cu de dicado al dios lla
135 325 836 403 pa tecutli: enel qual matauanla
140 376 832 458 y magen deste dios, que era vn cap
132 423 839 490 tiuo, vestido con los ornamentos des
125 467 807 541 te dios: matauanle, ala nedia
128 515 832 601 noche, cada año, en la fiesta de te
137 570 347 655 peilhujtl.
134 707 828 807 El sexagessimo quarto edificio, se
138 784 844 862 llamaua tzonmolco: este era vn cu
141 831 826 904 dedicado al dios del fuego, llamado
129 883 828 953 xiuhtecutli: este es vncu, en que ma
140 931 832 1016 tauan quatro esclauos, como ymagi
137 982 829 1065 nes deste dios, adornados con los hor
138 1039 841 1117 namentos del mjsmo, aunque de di
143 1078 831 1163 uersas colores. Al primero llamauā
126 1126 812 1214 xoxouhquj xiuhtecutli: al segundo
137 1186 815 1263 llamauan, coçauhquj xiuhtecutli:
132 1247 821 1324 altercero llamauan, iztac xiuhte
132 1302 825 1377 cutli: al quarto llamauan tlatla
136 1354 833 1437 uhquj xiuhtecutli. Tambien mata
138 1400 827 1463 uan, otros muchos captiuos: eneste
135 1455 826 1531 lugar, y eneste dia: alos quales lla
142 1507 825 1589 mauan, ihujpaneca temjmjlolca: a
138 1554 821 1646 baxo de las gradas deste cu, estaua
140 1606 828 1704 vna placeta, ala qual subian tam
136 1659 816 1747 bien por gradas. Enesta placeta,
131 1715 822 1783 matauan dos mugeres: y llamaua
134 1763 818 1841 ala vna, Nançotlaceuhquj, de la o
119 1830 839 1908 tra no se pone nombre. En acabā
123 1882 827 1972 do de matar los que aujan de mo
132 1936 822 2017 rir, hazian luego vn areyto, muy
134 1974 809 2064 solemne, segun que se dixo, ala
116 2049 833 2147 larga, en la fiesta de xiuhtecutli.
952 37 1340 158 del libro. E.
910 153 1468 249 Tlappatecutli iteupan.
885 273 1546 377 Innappa tecco vncan mjqujl
888 345 1534 435 yn itoca catca, nappa tecutl
887 418 1531 505 çan iohoan, amo cemjlhujtl:
885 485 1522 590 cexiuhtica ipan tepeilhujtl
972 623 1303 728 tzommolco
880 737 1521 859 Intzonmolco, vncan miq̄a
894 811 1502 911 yn jtoca catra xiuhtecutli
880 876 1514 975 naujntin. Jnjc ce ytoca, xo
873 948 1485 1042 xouhquj xiuhtecutli. Jnjc
876 1010 1493 1098 vme coçauhquj. Jnjc ey iz
872 1071 1493 1144 tac xiuhtecutli. Jnjc nauj
881 1125 1507 1214 tlatlauhquj xiuhtecutli: yoa
883 1195 1520 1284 occequjntin intoca ihujpa
880 1253 1515 1341 paneca, temjlolca: auh tla
882 1315 1497 1402 elpan mjquja, yn jtoca cat
876 1378 1507 1462 ca cioatontli, no iehoatl yto
878 1444 1505 1541 ca nanço tlaceuhquj. Auh
883 1522 1510 1595 yn onmjcoac, njman ie ic
874 1573 1501 1658 oalqujça, in motecuçoma,
878 1639 1496 1732 in vmpa coacalco: njman
861 1705 1492 1803 ie ic motecujtotia, yoan ix
866 1779 1495 1865 qujch tlacatl mjtotia, teia
869 1847 1490 1929 caniaia in motecuço ma,
869 1915 1520 2007 qujniacatiaia, in nepapā
871 1980 1493 2071 teteu. Auh yn onnetoti
864 2045 1499 2133 loc yn onnecocololoc, njmā
863 2105 1508 2188 ieic tlenamaca yn moteui
858 2171 1497 2252 çoma: auh in muchioa yn,
862 2229 1406 2318 ipan izcalli cexiuhtica.
