2652 4128
264 97 792 272 dela fiesta
105 308 1189 425 sus mantas, para dormjr: vnos esta
94 396 1193 507 uan muertos de frio, atros dormjan,
100 461 1195 580 otros velauan, algunos dormjan pro
78 528 1165 647 fundamente, otros con sueño liujano,
94 632 1144 718 algunos soñauan, otros hablauan,
107 689 1199 809 entre sueños, otros se leuantauan dor
100 787 1206 870 mjendo, otros roncauan otros resopla
106 856 1205 961 uan, otros dauan gemjdos dormjendo:
94 925 1199 1016 todos estauan rebueltos, malhecha
82 1006 1171 1107 dos, hasta el medio dia, no se leuan
100 1067 1161 1183 tauan. Auiendose leuantado los mi
96 1152 1211 1289 nistros, y satrapas: luego se adereçaua
102 1225 1190 1345 el satrapa de los ydolos, con sus ornamē
90 1335 1170 1434 tos acostumbrados, y tomaua su incen
89 1399 1174 1534 sario: y in censaua por todas las capi
85 1473 1194 1596 llas y altares, atodas las esta tuas de los
79 1569 1175 1702 ydolos yuan delante del acompañadole
81 1673 1198 1784 satrapas viejos, llamados quaquacujlti:
76 1756 1203 1885 en acabando de incensar en todas las par
70 1845 1185 1968 tes acostumbradas, luego se yuan todos
88 1926 1162 2036 acomer, sentauanse en corrillos en el
82 2007 1171 2128 suelo para comer, puestos encuelillas,
88 2087 1145 2220 como siempre suelen comer: y luego
75 2182 1149 2305 dauan acada vno su comjda, como se
88 2256 1156 2389 la embiauan, de su misma casa. Ysi
88 2350 1137 2445 aiguno tomaua la comjda agena, o
98 2407 1134 2555 la trocaua, castigauanle por ello: e
88 2502 1142 2633 lan muy recatados, y curiosos, que no
76 2577 1159 2726 derramassen oota ny pizca de la comj
67 2661 1141 2783 da, que comjan alli donde comjan:
51 2754 1149 2907 y si alguno derramaua vna gota de
67 2830 1184 2959 la mazamorra, que sorbian, odelchil
57 2934 1153 3076 molli, en que mojauan, luego le nota
44 3024 1128 3163 uan la culpa, para castigarle, sino
45 3116 1138 3247 redimiesse su culpa con alguna paga.
46 3170 1153 3308 En aujendo acabado de comer, lue
38 3246 1132 3393 go yuan acortar ramos que llaman
51 3349 1156 3466 acxoiatl: y donde no auja estos ramos
49 3391 1147 3535 cortauan cañas verdes, en lugar de
46 3493 1146 3609 acxoiatl: y trayanlos todos al templo
34 3557 1121 3698 hechos hacezillos, y sentauanse todos
35 3625 1157 3769 juntos, y esperauan ala hora, queles
38 3717 1146 3880 aujan de hazer señal, paraque fuessen
1408 111 2115 287 Eltzalqualiztli.
2352 193 2590 327 fo. Al.
1288 349 2432 453 ci, iconaxioa: yoan in jquac tla
1291 441 2385 550 qualo, aiac achi qujchipinja
1289 520 2407 651 yn molli, yn vncan tlalpan: tla
1282 612 2402 758 tlalteco in molli, intla aca achi
1280 722 2359 856 qujchipinja molli, muchi ic
1268 838 2356 956 neaxioa, ic netlanamjctilo
1279 955 2381 1074 Auh in ie iuhquj yn ontlaquā
1279 1058 2335 1187 loc, njman ie ic viloa yn ac
1256 1148 2387 1295 xoiatl mocuiz, ie yn acatl, aca
1262 1271 2374 1387 xoxouhquj. Auh yn ooalujloac
1263 1371 2358 1520 yn onmocujto: njman ie ic tla
1276 1479 2381 1619 cujtlalpilo, acquj molpia: auh
1282 1586 2377 1728 yn ontlacujcujtlalpiloc, in ie in
1276 1697 2350 1828 man motemaz, njman ic tla
1267 1793 2341 1936 tzomonj, netlalolo, netlatlalo
1245 1897 2375 2058 lo, qujquechpanoa in acatl: quj
1239 2058 2316 2142 tetentiqujca yn izqujcan in
1246 2133 2383 2283 teteupan tlatlacateculo. Auh
1247 2223 2360 2395 intla aca motlaujtequiz: yoan
1254 2369 2328 2494 intla aca amo vmpa itztia
1249 2448 2365 2607 intla miscuepaz, ic axioa. Auh
1240 2581 2369 2705 intla aca, amo qujcxiaci, intla
1250 2702 2308 2791 camo teicxiaci: intla aca ic
1231 2791 2326 2930 xicaoalo, yn amo tehoan con
1238 2908 2330 3030 temaz acatl, ic caci, ic nemal
1235 3006 2362 3156 tilo. Auh ynjn naujlhujtl in
1235 3114 2346 3262 muchioaia: auh in naujlhujtl
1221 3212 2295 3367 y, yn aqujque axioa, oc vel
1229 3333 2354 3467 momaqujxtia, oc vel moqujx
1231 3440 2351 3586 tia, oc vel maqujça: aço totolin
1230 3538 2316 3661 yca, aço maxtlatl ica, aço til
1235 3638 2297 3790 matli, aco ichtilmatli, aço te
1222 3731 2364 3906 quachtli ica. Auh ynjcnotlacatl
