2474 4084
311 33 684 221 libro
920 67 1068 185 B.
100 234 1292 362 de amanescer rerca del dia: la ca
87 349 1274 477 beça de çada vn monte, tenja dos
93 412 1283 537 caras, vna de persona, y otra de
101 504 1255 641 culebra: y vntauan la cara de
100 579 1287 719 persona, con vlli derretido: y ha
111 672 1288 811 zian vnas tortillas, paque nuelas
97 747 1294 910 de masa de bledos a marillos: y po
90 847 1276 1004 njanlos en las maxillas, de laca
102 949 1263 1090 ra de persona, devna parte, y
97 1054 1262 1172 de otra cubrianlos, con vnos pa
104 1125 1250 1275 peles, que llamauan teteujtl:
111 1221 1271 1354 ponjanlos vnas coroças en laca
102 1299 1265 1439 beca, con sus penachos. Tambi
116 1391 1263 1530 en alas ymagines, de los muer
112 1472 1282 1632 tos, los ponjan sobre aquella ros
118 1570 1306 1699 ca de cacate. Y luego en amanes
99 1646 1303 1806 ciendo, ponjan estas ymagines
94 1741 1252 1893 en sus oratorios, sobre vnos le
112 1809 1273 1983 chos de espadañas, o de juncias
104 1910 1303 2095 o juncos: aujendo los puesto alli,
87 2005 1274 2156 iuego los ofrecian comjda, tama
91 2097 1301 2265 les, y mazamorra, o cacuela, he
103 2192 1274 2344 cha de gallina, o de carne de pe
109 2279 1268 2449 rro: y luegolos incensauan, he
108 2384 1283 2512 chando encienso, en vna mano
103 2463 1273 2596 de barro cozido, como cuchara
106 2553 1311 2740 grande, llena de brasas. Y aesta
111 2639 1285 2811 ceximonja llamauā calono oac:
107 2726 1296 2902 y los ricos cantauan, y beujan
106 2819 1279 2999 pulcre, a honrra destos dioses, y
114 2918 1246 3071 de sus difuntos: los pobres no
103 2998 1288 3168 hazian mas de ofrecerlos comjda,
119 3084 1236 3229 como se dixo. Enesta fiesta,
112 3189 1268 3326 matauan, algunas mugeres, a
109 3250 1275 3411 honrra de los montes, o de los dio
112 3337 1277 3491 ses de los montes: ala vna dellas,
99 3447 1286 3581 llamauan tepoxoch, y ala segu
103 3534 1298 3683 da, matlaiquac, y ala tercera
86 3622 1292 3762 xochtecatl, y ala quarta maiai
95 3709 1304 3856 del: que era ymagen de los mague
97 3806 1289 3943 yes: el qujnto era hombre, ylla
1474 9 2355 191 delas cerimonjas
1348 228 2390 362 otlatvic: mec tetlatlalilo in
1361 357 2386 527 techachan, tolpepechpan, a
1345 454 2396 619 çotolpitzaoac, aço tolpatladli,
1352 606 2378 738 aztapili, aco axali in impā
1356 714 2422 854 quj tlaliaa: Auh mieiuhquj,
1342 831 2384 977 motecençaoaloc: njman ieic
1350 952 2411 1095 qujntlamanjlia: iqujnma
1332 1042 2399 1212 mliaia xocotamalli, yoan
1353 1206 2378 1322 tlatonjlli, anoço itzcujn na
1335 1303 2392 1421 catl, anoço totolin: yoan
1341 1407 2422 1555 qujn tlena maqujlia. Injqua
1343 1515 2440 1677 m moteneoa calionoac: auh
1345 1645 2423 1794 in netlacamachoia, cujcat
1342 1760 2420 1922 lo, yoan tlatlaoanjlilo: auh
1353 1898 2408 2048 incana can ixqujch in qujn
1353 1991 2397 2160 tlamanjliaua. Auh mj pan
1347 2132 2411 2288 milhujtl, mjquja cequjntin
1342 2257 2378 2394 cioa, mjxiptlaoan Tetepe.
1348 2373 2390 2531 Injcce itoca Tepoxoch. Jnjc
1359 2487 2414 2647 vme, lllatlalquae. Jnjc ci: xo
1348 2630 2386 2766 chtecacl. Injc navis llacavel:
1341 2739 2398 2899 ixiptlametl. Jnjc macujlli:
1347 2847 2416 3008 itoca Milnaoacc: in i oqujcti
1339 2988 2415 3156 tli, ixiptlan coatl: in jnectti
1347 3107 2417 3258 chioal, mjmamamacal, ij
1354 3216 2390 3387 mamatlatquj: tlaolhujlli,
1360 3336 2421 3473 çanca ollo, mocaolli: auhii
1356 3456 2392 3622 tlilnaoatl, cannoiuhquj
1365 3574 2429 3734 mjnechichioal, mjtlatquj,
2368 3693 2407 3761 al
1348 3698 2405 3857 coatejnco in qujmpeoaltiam
1349 3786 2419 3967 in qujnnapalotinemj, tlape
