2728 4194
12 378 212 528 tilla, tass
1 459 107 547 bnte
321 129 902 304 Capitulo. 19.
193 308 1362 449 ente: ponjale, vnbeçote, de ambar: que
209 426 1348 521 es vna piedra larga, que cuelga del beço
198 473 1347 607 baxo, agujerado: en señal, que era va
190 548 1391 677 liente, y era noble: y esto se tenja en mu
200 640 1376 729 cho. Estos mercaderes, partianse, de sus
194 725 1361 847 parientes, con grandes cerjmonjas: se
193 821 1372 931 gun su ritos antiguas, quando yuan
198 875 1365 996 amercadear, a tierras estrañas: yes
191 961 1380 1095 tauan por alla muchos años: yquan
197 1072 1356 1201 do bolujan, asus tierras, venjan car
189 1113 1371 1285 gados de muchas riquezas: y pa ha
201 1236 1401 1364 zer demostracion, de lo que trayan, ydar
204 1313 1382 1423 relacion, de las tierras, por donde aujā
197 1390 1403 1522 andado, y de las cosas aujan visto: com
203 1466 1383 1583 bidauan atodos, los mercaderes, en espe
191 1561 1375 1697 cial alos principales dellos: y alos señores
202 1633 1309 1788 del pueblo: y los hazian gran combite.
185 1717 1390 1856 A este combite, llamauanle, lauatorjo de
209 1823 1356 1954 pies: ylos combidados, reuerenciauan,
203 1888 1397 2049 grandemente, al baculo: conque auja ydo
216 1988 1372 2118 y buelto. Tenjan que era ymagen, de
217 2059 1372 2183 aquel dios, y quele auja, dado fauor,
213 2152 1381 2269 para yr, y boluer, y andar los camjnos
219 2215 1384 2344 que anduuo. Para hazer, esta honrra
220 2302 1394 2438 albaculo, le ponjan en vna de las casas
223 2394 1382 2520 de orōn, que tenjan en los barrios: que
207 2473 1379 2614 ellos llamauan, calpulli: que qujere de
210 2580 1386 2693 zir: yglesia del barrjo, o perrocha. En
210 2650 1348 2787 este calpulli, donde se contaua, esta,
216 2754 1358 2864 mercader, ponjan el bacculo, en lugar
208 2842 1400 2962 venerable: y quando dauan comjda, a
209 2919 1382 3046 los combidados, primeramente ponjan
212 3000 1406 3121 comjda, y flores, y acayietl t, delante
204 3108 1390 3223 del bacculo. Y fuera del combite, todas
205 3169 1403 3305 las vezes, que comja este mercader: ofre
211 3269 1358 3383 zia primeramente, comjda, y las de
223 3337 1350 3463 mas cosas, al baculo: que le tenja en
216 3413 1352 3528 su oratorjo, dentro de su casa. Estos
217 3495 1363 3632 mercaderes, despues que venjan pros
202 3596 1377 3706 peros, de las tierras, de donde aujan
211 3669 1365 3787 andado, como tenjan caudal: compra
211 3761 1340 3878 uan esclauos, y esclauas: para ofre
202 3820 1330 3949 zerlos, a su dios, en su fiesta: el qual
216 3908 1354 4033 principalmente, era yiacatecutli. Y
1448 122 2377 268 de Jacatecutli
2444 142 2684 299 foic.
1464 306 2641 472 techacico, yn otlaltechpachiuhque:
1457 428 2649 614 ixqujch tlacatl qujnotza, in puch
1457 584 2647 759 teca: yoan in tlatoque, ic mote
1461 739 2653 899 ittitiaia: mjtoa,: mocxipaca, cen
1464 885 2653 1052 ca qujmaviztiliaia yn itopil, ynj
1461 1030 2675 1188 tlaccaia yiacatecutli: cana incal
1458 1173 2708 1337 pulco qujquetzaia: achto qujtla
1458 1343 2677 1501 manjlia, yn jquac tetlaqualtia:
1474 1458 2644 1632 yoan intlacanelmo tecoanotza,
1469 1599 2670 1791 qujtlamanjlia in çan muchipa
1481 1751 2675 1913 yn jtlaquaia. Auh intla aca te
1458 1879 2695 2062 altiz, iehoatl çaltiaia, qujxeoaia
1458 2019 2643 2207 ynjteouh yiacatecutli: anoço
1457 2147 2712 2328 ceme iehoantin: yn mocheoaia, in
1452 2317 2705 2500 qujnmoteutiaia in chiconqujaujtl
1457 2432 2639 2619 amnoço chalmecacioatl, yoan ac
1449 2576 2681 2763 xomucujl, yoan nacxitl, cochi
1437 2725 2646 2908 metl, iacapitzaoac, aiac qujio
1456 2857 2703 3046 cuja, yiollotlama; yn aço ce, ano
1447 2971 2704 3173 ço vme, caaltiz tlacatl: vmpa con
1463 3111 2675 3300 covaia yn tlacanecujloca azcapu
1460 3249 2705 3403 tzalco: motlahtlatilia, motlapapa
1448 3372 2672 3550 tilia, qujncuecuepa, qujmjhitta,
1442 3499 2705 3677 yn qualtin qujncoazque, yn acan
1440 3617 2711 3808 quenamjque, in tlacaiecti, intlaca
1437 3747 2704 3905 melaoaque, yn acan cueuxque, yn
1437 3871 2702 4032 atle intlaciuhca: ynjc iehoan qujn
