2538 4084
1177 36 1610 201 Apendiz
247 213 1293 387 abuscar, y cortar puntas de
1412 169 2488 369 tlamacaztoton, in canoço ieta
246 346 1329 492 maguey. La quarta era que
1405 333 2491 532 namique, oc iooan, anoço vza
247 444 1309 571 los ya grandezillos, yuan a
1415 480 2476 632 nepantla oonquis, in onpeca
256 535 1335 654 traer acuestas la leña del mō
1426 583 2495 775 quauhtla vih, in quavitl co
230 627 1343 776 te, que era necessaria, para
1426 700 2501 872 cuj conmama, in quilhuja, a
228 722 1336 879 quemar en la casa de calmecac
239 834 1318 970 cada noche. J quando hazi
1415 784 2498 1010 miliuhqui, in ceiooal qujtila
238 934 1317 1076 an alguna obra, de barro, o
1420 945 2491 1116 calmecac yn jctlapia tlamoc
244 1032 1320 1190 paredes, o mahizal, o çanjas,
1418 1041 2486 1231 que, auh in tlacana pololla
220 1148 1307 1298 o azequjas, yuanse todos jun
1432 1177 2482 1359 oantli, cuemitl, apantli, ta
228 1228 1310 1382 tos a trabajar en amanecien
1415 1297 2498 1464 chioalz, vel oc iooan inviloan
227 1342 1307 1485 do,solamente quedauan los
236 1438 1320 1597 que guardauan la casa, y los
1414 1420 2500 1587 cauhtivi in tlapiacque: auh i
214 1550 1324 1697 que les lleuauan la comjda,
1405 1543 2495 1686 man, ie iehoantin in tetlana
225 1661 1320 1819 y njnguno dellos faltaua: con
1420 1636 2503 1840 cativi, ololiuhtioi, auac pola
221 1774 1316 1906 mucho orden, y concierto tra
1414 1807 2506 2006 vellatecpanpa in qujtlacallā
212 1875 1324 2003 baxauan. La qujnta, era que
1415 1912 2503 2111 milhujtl. Jnjcc: ca ncuel a
203 1970 1297 2106 cesauan del trabajo, vn poco
205 2066 1307 2200 tempranjllo, y luego yuan de
1411 2021 2489 2237 quicaoa, in tlatequjpanoliza
179 2193 1304 2297 rechos, asu monasterio a entē
1421 2178 2479 2370 quioalmati, yyn jnteutoqujli
193 2286 1295 2428 der, en el serujcio de los dioses,
1399 2326 2464 2495 in calmecac toqujtl, in tlania
190 2407 1282 2533 y exercicios, de penjtencia, y
1406 2438 2477 2622 oaliztli: ynoc achitonatiuhz.
187 2473 1327 2635 bañauanse primero: y ala pu
193 2602 1316 2725 esta del sol, començauan aape
1415 2569 2440 2759 noço ie tlapoiaoatiuh mjtza
181 2707 1313 2832 rejar, las cosas necessarias: y a
1401 2673 2489 2889 tequj, yn ovellaiooac, iua
180 2791 1282 2915 las onze horas de la noche to
1412 2831 2459 3020 quauhiooa; mjma onpeoā
188 2889 1336 3040 mauan el camjno, lleuando con
180 2978 1339 3125 sigo las puntas de maguey, ca
1410 2953 2543 3158 in tlamacazque inmjtoa fu
187 3091 1308 3205 da vno asolas, yua lleuando
1419 3076 2495 3239 vitztlalizque, caveice centiz
180 3199 1327 3346 vn caraçol, para tañer enel ca
1414 3197 2500 3377 inviti, achtopa mahaltia, fla
180 3322 1315 3454 mjno, y vn in censario de ba
1405 3327 2501 3509 man concuj inteccitztli, yua
181 3423 1330 3564 rro, y vn curron, o talega en
1405 3448 2506 3632 tlemaitl, toxitli, copalli onteosa
172 3540 1335 3665 que yua el incienso, y teas, y
1409 3586 2515 3753 tuh, yoanconcuj oeutl ijla
172 3626 1315 3751 puntas de maguey. Jansi cada
172 3709 1327 3828 vno yua desnudo a poner al lu
1417 3680 2513 3881 ieic vmpeoa in movitztlallhila
