2412 3682
406 70 740 223 lpendiz.
130 233 1139 440 Apeidiz del qujnto libro
130 399 1135 557 de las abusiones: que vsauan
130 520 688 694 estos naturales.
136 698 1133 864 Capitulo primero, del omjxu
113 833 307 946 chitl.
120 937 1169 1130 yvna flor que sellama omiru
100 1098 1106 1229 chitl, de muy buen olor: parece al
113 1177 1114 1319 iazmj en la blancura, y enla hechu
104 1276 1136 1422 ra. Ay tambien vna enfermedad,
92 1381 1118 1508 que parece como almorranas, que
89 1463 1129 1591 secria en las partes inferiores de los
89 1557 1127 1661 tombres, y de las mugeres: y dizen
87 1654 1127 1783 los supersticiosos antiguos: que aquel
87 1738 1133 1845 la enfermedad, se cauja de aver olido
78 1837 1144 1959 mucho, esta flor arriba dicha, de aver
70 1930 999 2061 la orinado, o de auer la pisado.
70 2205 1099 2370 Capitulo segundo, del cuetla
62 2331 325 2439 suchitl:
30 2475 1104 2630 y vna flor, que sellamacuetla
50 2582 1136 2714 xuchitl, son hojas de vn arbol, muy
60 2698 1081 2797 coloradas. Ay tambien, vna enfer
63 2776 1088 2885 medad entre las mugeres, que se
56 2855 1078 2974 les causa enel mjembro mugeril:
59 2930 1082 3095 que tambien la llaman cuetlaxu
50 3027 1052 3152 chitl: dezian los supersticiosos anti
64 3117 1091 3258 guos: que esta enfermedad, se cauja
47 3189 1087 3339 ua en las mugeres, por auer passa
52 3269 1042 3425 do sobre esta flor, arriba dicha, o
44 3354 1075 3509 por auer la olido, o por auer sen
1416 69 2375 240 del libro qujnto. foas.
1229 232 2346 407 Izcatquj yanca injc macujlli amux
1236 381 2299 512 tli vncatl mjtoa, yn jzqujtlamatli
1231 465 2315 612 itechpa chicotlamatia in jtlachival
1232 580 2104 696 oan dios, in tlateotocanjme.
1217 682 2239 865 Injcce capitulo, ytechpa tlatoa
1233 831 1737 949 in omjxuchitl.
1227 941 2270 1103 Injn centlamantli suchitl: iuh
1215 1101 2277 1213 motocayotia in omjxuchitl. Auh no cen
1213 1183 2228 1301 tlamantli cocoliztli, tlapalanaltiliztli:
1220 1281 2268 1382 no motocayotia omjxuchitl: ie hica ca
1223 1368 2215 1478 çan vel iee injcca, injctzitziqujltic:
1219 1440 2253 1560 auh injc compiquj, in juh moztlacavi
1222 1525 2235 1655 aia veuetque: qujl mach in aqujn y
1214 1608 2247 1755 techmotlalia, injn cocoliztli, in moto
1211 1704 2257 1833 capotia omjxuchitl: ic peoa, in aco y
1196 1829 2256 1933 pan omaxix, anoço oipan moquetz:
1205 1910 2217 2019 in anoço mjiecpa oqujnecu, iuhquj
1183 2005 2150 2146 injc qujxoxa, in juh moztlacavia.
1188 2225 2260 2392 Injc vme capitulo, ytechpa tla
1186 2352 1887 2490 toa in cuetlaxuchitl.
1166 2448 2228 2600 Inin centlamantli suchitl, ineconj.
1190 2571 2241 2668 Aiuh ocno centlamantli tlapalanaltiliz
1184 2653 2222 2774 tli, no motocayotia cuetlaxuchitl: auh
1181 2733 2230 2851 ynjn cocoliztli, oc cenca inpan muchi
1178 2815 2191 2926 oa in cioa, occenca in cocoliz: amo
1189 2901 2193 3006 no yehoan in toqujchtin. Auh injn
1176 2970 2185 3085 cocoliztli: qujlmach icpeoa, in iuh
1171 3046 2183 3169 moztlacavia vevetque: in aço oquj
1168 3128 2187 3250 cuencolhuj, in anoço oqujnecu, ina
1168 3209 2221 3322 noce oipan motlali: ipampa injuhquj
1172 3297 2230 3421 ic qujxoxa, ic itech motlalia. Auh ipā
1159 3390 2224 3517 pa intenanoan qujntlacavaltiaia, quj
2142 3541 2169 3665 C
