2724 4276
1064 28 1682 247 libro qujnto,
90 190 1337 385 que tienen la barriga, y pecho blan
1456 207 2672 418 cujlpul coztic: auh in jc tlatoapipitzca,
88 344 1139 496 ca: y todo lodemas bermejo.
1449 376 2644 528 iuhqujnmapipitzoa: tocujleoa, tocujle
1430 503 2547 656 choa: no iaotequjoa qujtocalotiaia.
93 595 1375 786 Capitulo septimo, enque le tiac
1457 644 2663 842 Techicome capitulo vncan mjtoa:
69 733 1330 892 ta, del mal aguero: que tomauan:
1455 766 2642 953 in tetzaujtl injc motetzauja, in jtechpa
89 844 1358 1035 quando viati algun conejo entrar
1448 890 2684 1077 cochin: in jquac qujttaia inje vncalaquj
74 973 489 1153 en su casa
1453 1025 1671 1158 ichan.
102 1185 1346 1386 os aldeanos, y gente rustica: quā
1578 1211 2631 1433 o ioan, netetzaujloia in tochin:
63 1348 1286 1495 dovian, que en su casa entraua al
1441 1381 2640 1584 injquac, aca ichan calaquja, qujtoa
69 1456 1307 1601 gu conejo: luego tomaua malaque
1431 1491 2631 1707 in mjllaca, in mjlpan tlaca: ie tlalpoli
75 1557 1323 1723 ro, y concebian en su pecho, que los auj
1431 1635 2630 1816 ujs injchan. Anoço ie aca choloz, ie
66 1666 1341 1812 an de robar la casa, o que alguno de
1425 1732 2656 1942 contocaz in tochtli in macatl ivuj: ie
58 1767 1333 1941 su casa se aujd de ausentar, o escondor
1425 1852 2636 2019 tochtiz iemacatiz, iemotochtiliz, ie mo
69 1880 1340 2026 por los montes, o por las barrancas do
69 1984 1346 2119 de andan los cigauos, y conejos. Dobre
1431 1962 2610 2150 macatiliz. Jnjc muchichiuh tochin,
51 2104 1298 2236 todas estas cosas: yvan aconsoltar, a
1414 2093 2625 2271 nacazpapatlactic, tentipontic, tentete
52 2224 1316 2348 los que tenjan oficio de declarar estos
1421 2214 2605 2429 pontic, eliztac: ioan çancujtlapiltete
57 2318 1318 2482 agueros. Los conejos desta tierra, son
1432 2352 1646 2476 potitic.
69 2428 1280 2579 como los de espana: aunque no tie
1417 2448 2659 2660 To chicuer capitulo, vncan mjtoa:
51 2524 810 2645 nē tan buen comer.
1418 2590 2592 2763 in tetzaujtl, injc motetzaujaia: inj
53 2613 1276 2771 Capitulo ocho, enque se tracta
1404 2717 2307 2888 quac qujttaia pinaujztli.
55 2719 1332 2907 del mal aguero, que tomauan los na
52 2843 1297 2995 turales, desta nueua espana: quado
1518 2857 2667 3079 o ioan, netetzaujloia inpinaujz
52 2962 1274 3109 encontrauan con vna sauandiia, o
1396 3045 2622 3228 tli: iuhqujn tocatl tlatlauhquj, tla
51 3060 1126 3219 gusano q̄la llaman pinauiztli.
1395 3166 2627 3366 tlactic Injquac aca, ichan calaquj,
48 3172 1267 3336 Quando aujera que esta sauandi
181 3318 1274 3422 jd entraua en la casa de alguno, o
1408 3318 2631 3478 in qujtta: anoço vtlica qujiacanamj
54 3348 1280 3493 alguno la encontraua enel camjno: luogo
56 3459 1265 3583 concebia en su pecho, que aquello era se
1394 3429 2633 3636 quj, qujtoa, ievitz cocoliztli, anoço
40 3561 1288 3693 nal, que auja de caer en enfermedad, o
1393 3572 2621 3763 ie itla conmonamjctiz: aço ie aca
46 3646 1268 3777 que algun mal le auja de venjr, o que le
1398 3721 2601 3885 conaoaz, itlaic conpinauhtiz: auh
39 3737 1295 3866 auja alguno de afrontar, o aueroonçar.
47 3844 1291 3975 Y para enremedio desto: hazian ia cerimo
1405 3842 2630 4009 in jquac, tlaoittoc techan: in aqujn
34 3929 1260 4054 nja que se sigue. Tomauan aquella sa
1395 3985 2648 4163 oqujttac: njman ic conana, nauhcan
33 4013 1259 4152 uandija: y hazian dos rayas encruz e
