2586 4114
893 104 1691 293 Del primero libro.
1519 297 2091 469 Capitulo. 16.
227 305 838 491 Capitulo. 16.
1340 514 2531 654 Totecujoe diose, ca tehoatzin, vel mone
52 538 1210 686 Tues enjm domjne qui vite
1344 618 2515 725 iocultzin, momachitzin, yn jiuliliz, yoā
56 633 1248 810 et mortis habes potestatem, et
1351 682 2508 827 imiquiz in tonacaio: yn jpaccanemjliz
1342 772 2483 924 yoan yn jcuculiz in tonacaio, camo
48 765 1242 939 deducis vsque ad portas mor
1345 865 2519 975 mactzinco ca. A. Auh yn imjquiz, in
40 887 1253 1019 tis et reduais. A. homo aute
1344 938 2501 1067 tanjma, amomotlachioaltzin, amo
1352 1023 2514 1157 motlacltibaltzin: ca çan tehoanti, inti
55 1024 1250 1210 occidit qujdem per malitiam
1353 1129 2527 1248 tlaca, totlatlacultica, totlavelilocaioti
52 1143 1254 1361 anjmam suam, et cum exie
1370 1202 2502 1329 ca, ticmjctia in tanjma, mjctlan tic
1366 1281 2549 1437 tlaça. Auh yn iquac, yn tanjma quj
59 1289 1277 1478 rit spiritus, non reuertet, nec
1354 1363 2504 1510 tlalcahuja in tonacaio, auelitiz in oc
1357 1468 2512 1610 cepa itic calaquiz, yn jxqujchica tlamiz,
87 1462 1286 1651 reuocabit anjmam que recep
1362 1539 2528 1705 cemanaoac, caoic cenquiz, oic centa: in
79 1620 1240 1802 ta est: sed tuam manum
1362 1641 2552 1794 anoço qualcan, yn acanoço qual can, vm
1368 1737 2543 1890 paceniez n vmpa oticmoieiantili:
75 1766 1016 1969 efugere imposibile est.
1370 1856 2564 1965 auh canjman aiac momacpatzinco mo
1367 1917 2543 2068 mapatlaz: iehica camuchi moueli, cano
1363 1994 2068 2161 viian timoietzinotica.
1354 2165 2537 2338 B. Jntlateutocanjme, yn amo mitzmo
67 2240 1247 2432 B. Negantes enjm noscete im
1365 2271 2539 2417 machitocaznequj, mocenmacca veliti
1366 2365 2534 2520 liztica, tiqujnmotlatzacujltilia, ati
77 2348 1275 2530 pi, perfortitudinem brachij
1378 2458 2568 2616 cateciuhtica, yoan tletica otiquj
73 2478 1302 2682 tuj flagellati sunt, noujs aqujs
1367 2596 1823 2736 mopopulhuj.
2032 2572 2201 2754 p.
73 2604 1286 2821 et grandinjbus et pluujis, perse
60 2762 1273 2928 cutionem passi sunt: et per ig
2164 2755 2194 2868 c
1762 2724 1964 2880 ss
1593 2772 1782 2886 er
56 2863 783 3066 nem consumpti.
1375 3040 2528 3185 Jn teutlatolli omoteneuh, in amis
1388 3116 2521 3258 pan omomelauh no tlaçopilhoane,
82 3115 1258 3300 Suficientemente se a mos
1365 3170 2568 3324 cacenca chicaoac vel tetlanextili, tetla
78 3225 1238 3396 trado por el testo de la sagra
1353 3277 2539 3429 chialti: Jnjc vel iximachoz, in tlateu
79 3326 1307 3489 da escriptura arriba puesto, la
1364 3364 2558 3515 toquiliztli, inca cenca tetlapololti: vch
1361 3439 2555 3584 mictlan tetlaz, vel vei yiolitlaculoca
61 3466 1294 3657 gran malignidad de la ydolatri
1354 3526 2564 3693 tzin in dios, in toteiocuxcatzin, totema
65 3550 1293 3733 a, y de los ydolatras: pero pa
1361 3603 2553 3782 qujsticatzin. Auh yn axcan ynjc vel in
63 3699 1245 3825 ra condecender con las perso
1363 3714 2558 3854 iollo pachiuiz, yn amo cenca chicaoac, in
1370 3811 2561 3924 imjx, yn iniollo, ocmonequj oc achi, nj
78 3812 1276 3943 nas de baxo entendimjento,
1373 3835 2591 3997 melaoaz, in teutlatolli, in tlacpac omjcujl
60 3906 1295 4052 conujene confutar, este maldito
1381 3943 2558 4066 ynjc muchitlacatl qujmatiz, ca in tlateuto
