<?xml version="1.0" encoding="UTF-8" standalone="yes"?>
<PcGts xmlns="http://schema.primaresearch.org/PAGE/gts/pagecontent/2013-07-15" xmlns:xsi="http://www.w3.org/2001/XMLSchema-instance" xsi:schemaLocation="http://schema.primaresearch.org/PAGE/gts/pagecontent/2013-07-15 http://schema.primaresearch.org/PAGE/gts/pagecontent/2013-07-15/pagecontent.xsd">
    <Metadata>
        <Creator>prov=University of Rostock/Institute of Mathematics/CITlab|PLANET AI GmbH/Gundram Leifert/gundram.leifert@planet-ai.de:name=Florentine Codex(htr_id=24784)::::v=2.6.6
prov=University of Rostock/Institute of Mathematics/CITlab|PLANET AI GmbH/Tobias Gruening/tobias.gruening@planet-ai.de:name=de.uros.citlab.module.baseline2polygon.B2PSeamMultiOriented:v=2.6.6
prov=University of Rostock/Institute of Mathematics/CITlab|PLANET AI GmbH/Tobias Gruening/tobias.gruening@planet-ai.de:name=/net_tf/LA73_249_0mod360.pb:de.uros.citlab.segmentation.CITlab_LA_ML:v=2.6.6
Transkribus</Creator>
        <Created>2020-06-23T15:23:39.565-07:00</Created>
        <LastChange>2020-06-24T07:00:23.488+02:00</LastChange>
    </Metadata>
    <Page imageFilename="FC_Vol_1_268.png" imageWidth="2410" imageHeight="3996">
        <ReadingOrder>
            <OrderedGroup id="ro_1596736947508" caption="Regions reading order">
                <RegionRefIndexed index="0" regionRef="r1"/>
                <RegionRefIndexed index="1" regionRef="r2"/>
            </OrderedGroup>
        </ReadingOrder>
        <TextRegion orientation="0.0" id="r1" custom="readingOrder {index:0;}">
            <Coords points="39,119 39,3913 1238,3913 1238,119"/>
            <TextLine id="r1l1" custom="readingOrder {index:0;}">
                <Coords points="433,187 579,182 607,205 714,172 922,193 1018,179 1018,122 940,75 831,98 652,26 544,72 496,48 432,58"/>
                <Baseline points="441,173 469,173 498,173 526,171 555,171 583,170 612,170 640,168 669,168 697,167 726,167 754,167 783,165 811,165 840,166 868,167 897,167 925,168 954,170 982,170 1011,173"/>
                <TextEquiv>
                    <Unicode>Libro. 2.</Unicode>
                </TextEquiv>
            </TextLine>
            <TextLine id="r1l2" custom="readingOrder {index:1;}">
                <Coords points="57,364 558,319 987,356 1091,305 1209,340 1207,234 1136,220 898,251 332,213 56,282"/>
                <Baseline points="63,321 119,318 176,317 233,314 290,313 347,312 404,311 460,311 517,311 574,310 631,309 688,309 745,309 802,309 858,309 915,308 972,308 1029,306 1086,305 1143,303 1200,300"/>
                <TextEquiv>
                    <Unicode>ofrecer alos dioses, rezien llegados:</Unicode>
                </TextEquiv>
            </TextLine>
            <TextLine id="r1l3" custom="readingOrder {index:2;}">
                <Coords points="62,456 187,464 301,410 391,453 438,410 704,387 856,389 925,439 1015,390 1234,402 1233,340 680,375 573,327 237,361 181,330 60,367"/>
                <Baseline points="68,416 125,413 183,410 241,408 299,405 357,404 415,402 473,401 531,399 589,398 647,397 704,396 762,395 820,395 878,393 936,393 994,392 1052,390 1110,390 1168,389 1226,387"/>
                <TextEquiv>
                    <Unicode>y lo que offrecian, era aquellos ta</Unicode>
                </TextEquiv>
            </TextLine>
            <TextLine id="r1l4" custom="readingOrder {index:3;}">
                <Coords points="48,517 1214,494 1211,409 1093,392 904,447 686,443 585,395 514,449 386,453 346,416 280,461 227,431 47,472"/>
                <Baseline points="56,504 113,503 170,502 228,500 285,500 343,497 400,495 458,494 515,491 573,489 630,488 687,486 745,483 802,482 860,480 917,479 975,477 1032,476 1090,474 1147,474 1205,473"/>
                <TextEquiv>
                    <Unicode>males de semjllas, que aujan he</Unicode>
                </TextEquiv>
            </TextLine>
            <TextLine id="r1l5" custom="readingOrder {index:4;}">
                <Coords points="40,614 983,568 1220,593 1216,486 1061,513 1001,484 894,526 619,507 539,543 309,500 38,575"/>
                <Baseline points="47,602 105,599 163,597 221,594 279,592 338,590 396,587 454,585 512,583 570,581 629,578 687,575 745,573 803,570 861,569 920,566 978,563 1036,561 1094,560 1152,557 1211,555"/>
                <TextEquiv>
                    <Unicode>cho el dia antes. En acabando de</Unicode>
                </TextEquiv>
            </TextLine>
            <TextLine id="r1l6" custom="readingOrder {index:5;}">
                <Coords points="47,779 190,704 415,701 483,738 518,706 916,699 988,658 1197,679 1194,603 38,611"/>
                <Baseline points="51,711 110,707 170,703 230,700 290,696 350,692 410,689 470,686 530,683 590,679 650,677 710,673 770,669 830,667 890,665 950,662 1010,659 1070,656 1130,654 1190,651"/>
                <TextEquiv>
                    <Unicode>ofrecer, luego se yuan asus ca</Unicode>
                </TextEquiv>
            </TextLine>
            <TextLine id="r1l7" custom="readingOrder {index:6;}">
                <Coords points="47,837 373,837 444,799 548,831 952,764 1077,812 1228,767 1225,707 981,680 839,727 752,694 667,751 530,706 354,750 216,714 44,779"/>
                <Baseline points="53,821 111,816 169,811 228,807 286,802 344,797 403,793 461,789 519,785 578,782 636,778 694,774 753,771 811,768 869,767 928,764 986,762 1044,761 1103,761 1161,761 1220,761"/>
                <TextEquiv>
                    <Unicode>sas, no quedaua alli nadie: y a</Unicode>
                </TextEquiv>
            </TextLine>
            <TextLine id="r1l8" custom="readingOrder {index:7;}">
                <Coords points="44,944 182,907 525,939 576,901 678,924 751,878 1072,848 1165,887 1245,863 1242,808 1159,781 1070,813 1026,774 960,831 840,788 759,832 38,845"/>
                <Baseline points="50,920 109,915 168,911 228,907 287,902 347,898 406,893 465,888 525,885 584,880 644,877 703,873 762,870 822,867 881,864 941,863 1000,861 1059,860 1119,858 1178,858 1238,858"/>
                <TextEquiv>
                    <Unicode>la noche beujan pulcre, los viejos</Unicode>
                </TextEquiv>
            </TextLine>
            <TextLine id="r1l9" custom="readingOrder {index:8;}">
                <Coords points="48,1052 533,984 674,1021 771,978 1169,970 1186,900 978,869 671,953 464,906 387,963 154,936 43,965"/>
                <Baseline points="53,1022 109,1016 165,1012 222,1008 278,1003 335,998 391,995 448,992 504,989 561,985 617,982 673,978 730,975 786,972 843,969 899,966 956,965 1012,962 1069,959 1125,957 1182,954"/>
                <TextEquiv>
                    <Unicode>y viejas: dezian, que lauauan</Unicode>
                </TextEquiv>
            </TextLine>
            <TextLine id="r1l10" custom="readingOrder {index:9;}">
                <Coords points="34,1177 292,1094 987,1073 1056,1122 1236,1078 1233,1013 1030,1019 932,979 683,1027 448,1010 354,1071 106,1034 29,1067"/>
                <Baseline points="39,1122 98,1117 158,1110 217,1105 277,1101 336,1096 396,1092 455,1089 515,1086 574,1083 634,1081 693,1079 753,1077 812,1076 872,1074 931,1073 991,1071 1050,1070 1110,1068 1169,1067 1229,1065"/>
                <TextEquiv>
                    <Unicode>los pies a los dioses. El dia siguj</Unicode>
                </TextEquiv>
            </TextLine>
            <TextLine id="r1l11" custom="readingOrder {index:10;}">
                <Coords points="44,1216 1183,1201 1245,1191 1243,1126 519,1101 43,1184"/>
                <Baseline points="51,1218 110,1212 169,1209 229,1205 288,1201 347,1197 407,1195 466,1192 525,1190 585,1188 644,1185 703,1184 763,1182 822,1182 881,1181 941,1180 1000,1179 1059,1179 1119,1179 1178,1178 1238,1178"/>
                <TextEquiv>
                    <Unicode>ente, llegaua el dios de los merca</Unicode>
                </TextEquiv>
            </TextLine>
            <TextLine id="r1l12" custom="readingOrder {index:11;}">
                <Coords points="37,1322 583,1296 794,1345 949,1296 1186,1296 1199,1237 344,1194 36,1284"/>
                <Baseline points="44,1322 101,1317 158,1312 216,1308 273,1305 331,1301 388,1299 446,1297 503,1295 561,1293 618,1292 675,1290 733,1290 790,1289 848,1289 905,1287 963,1287 1020,1287 1078,1286 1135,1286 1193,1286"/>
                <TextEquiv>
                    <Unicode>deres, llamado lacapitzaoac, o</Unicode>
                </TextEquiv>
            </TextLine>
            <TextLine id="r1l13" custom="readingOrder {index:12;}">
                <Coords points="39,1456 286,1399 496,1393 549,1437 767,1398 1219,1413 1217,1336 1118,1345 1051,1300 957,1354 868,1311 792,1346 36,1322"/>
                <Baseline points="45,1425 103,1417 161,1411 219,1407 278,1403 336,1399 394,1397 453,1395 511,1394 569,1394 628,1394 686,1394 744,1394 802,1394 861,1395 919,1395 977,1394 1036,1394 1094,1392 1152,1389 1211,1388"/>
                <TextEquiv>
                    <Unicode>yiacatecutli: y otro dios, llama</Unicode>
                </TextEquiv>
            </TextLine>
            <TextLine id="r1l14" custom="readingOrder {index:13;}">
                <Coords points="37,1529 667,1504 823,1547 893,1498 1083,1490 1222,1545 1236,1426 681,1458 524,1415 469,1450 125,1429 37,1485"/>
                <Baseline points="44,1511 103,1507 162,1504 221,1502 281,1499 340,1497 399,1496 458,1496 518,1494 577,1494 636,1494 695,1494 755,1494 814,1494 873,1494 932,1494 992,1493 1051,1493 1110,1491 1169,1490 1229,1488"/>
                <TextEquiv>
                    <Unicode>do yxcocauhquj, o xiuhtecutli:</Unicode>
                </TextEquiv>
            </TextLine>
            <TextLine id="r1l15" custom="readingOrder {index:14;}">
                <Coords points="52,1658 119,1616 417,1641 504,1608 637,1661 755,1619 834,1664 1014,1665 1144,1600 1222,1610 1221,1553 1147,1527 986,1564 721,1521 578,1554 475,1518 51,1545"/>
                <Baseline points="59,1611 116,1609 174,1607 232,1605 290,1604 347,1604 405,1602 463,1602 521,1602 578,1601 636,1601 694,1601 752,1601 809,1601 867,1601 925,1599 983,1599 1040,1598 1098,1596 1156,1595 1214,1592"/>
                <TextEquiv>
                    <Unicode>que es el dios, del fuego, aqujen</Unicode>
                </TextEquiv>
            </TextLine>
            <TextLine id="r1l16" custom="readingOrder {index:15;}">
                <Coords points="49,1727 1181,1713 1197,1621 1014,1665 745,1638 636,1668 484,1617 185,1679 110,1630 49,1659"/>
                <Baseline points="57,1710 113,1706 170,1703 226,1700 283,1699 340,1698 396,1698 453,1699 510,1700 566,1701 623,1703 680,1703 736,1704 793,1706 850,1706 906,1706 963,1706 1020,1704 1076,1702 1133,1699 1190,1695"/>
                <TextEquiv>
                    <Unicode>los mercaderes, tienen mucha</Unicode>
                </TextEquiv>
            </TextLine>
            <TextLine id="r1l17" custom="readingOrder {index:16;}">
                <Coords points="37,1820 1186,1801 1185,1742 1090,1717 1002,1755 911,1720 862,1746 744,1714 676,1755 508,1721 447,1773 125,1731 37,1783"/>
                <Baseline points="45,1818 101,1813 158,1811 215,1807 271,1805 328,1803 385,1802 441,1800 498,1800 555,1800 612,1799 668,1799 725,1799 782,1799 838,1797 895,1797 952,1796 1008,1795 1065,1793 1122,1791 1179,1788"/>
                <TextEquiv>
                    <Unicode>deuocion. Estos dos, llegauan</Unicode>
                </TextEquiv>
            </TextLine>
            <TextLine id="r1l18" custom="readingOrder {index:17;}">
                <Coords points="46,1924 180,1964 422,1888 824,1938 927,1899 1206,1916 1215,1812 923,1857 732,1808 260,1814 45,1886"/>
                <Baseline points="54,1926 111,1922 169,1918 227,1916 285,1913 342,1910 400,1907 458,1905 516,1903 573,1901 631,1900 689,1899 747,1897 804,1896 862,1895 920,1893 978,1892 1035,1892 1093,1890 1151,1888 1209,1887"/>
                <TextEquiv>
                    <Unicode>ala postre vn dia despues de los</Unicode>
                </TextEquiv>
            </TextLine>
            <TextLine id="r1l19" custom="readingOrder {index:18;}">
                <Coords points="53,2050 384,2051 519,2003 610,2033 714,1995 854,2030 930,1995 1208,2009 1205,1941 620,1914 303,1956 260,1995 144,1959 51,2002"/>
                <Baseline points="60,2039 117,2032 174,2027 231,2022 288,2017 345,2013 402,2009 459,2006 516,2003 573,2000 630,1998 687,1995 744,1994 801,1992 858,1991 915,1991 972,1989 1029,1989 1086,1989 1143,1989 1200,1991"/>
                <TextEquiv>
                    <Unicode>otros: porque dezian, que eran</Unicode>
                </TextEquiv>
            </TextLine>
            <TextLine id="r1l20" custom="readingOrder {index:19;}">
                <Coords points="52,2143 208,2124 299,2165 361,2122 799,2099 1235,2129 1231,2029 1162,2023 48,2047"/>
                <Baseline points="59,2132 117,2127 175,2122 234,2118 292,2114 350,2111 409,2108 467,2105 525,2103 584,2100 642,2097 700,2096 759,2094 817,2091 875,2090 934,2088 992,2087 1050,2085 1109,2084 1167,2082 1226,2081"/>
                <TextEquiv>
                    <Unicode>viejos, y no andauan tanto como</Unicode>
                </TextEquiv>
            </TextLine>
            <TextLine id="r1l21" custom="readingOrder {index:20;}">
                <Coords points="46,2248 380,2222 754,2256 924,2200 1066,2245 1237,2194 1220,2140 905,2108 805,2151 519,2123 419,2179 42,2138"/>
                <Baseline points="53,2231 111,2227 170,2225 229,2220 288,2217 347,2214 405,2211 464,2208 523,2207 582,2204 641,2202 699,2200 758,2198 817,2196 876,2195 935,2193 993,2191 1052,2189 1111,2188 1170,2187 1229,2186"/>
                <TextEquiv>
                    <Unicode>los otros. Acabado esto, luego que</Unicode>
                </TextEquiv>
            </TextLine>
            <TextLine id="r1l22" custom="readingOrder {index:21;}">
                <Coords points="61,2343 1211,2318 1223,2245 913,2259 853,2226 501,2267 402,2229 358,2268 59,2284"/>
                <Baseline points="68,2331 125,2327 182,2324 240,2322 297,2319 355,2316 412,2315 470,2312 527,2310 585,2309 642,2307 699,2305 757,2304 814,2303 872,2302 929,2301 987,2301 1044,2300 1102,2300 1159,2300 1217,2300"/>
                <TextEquiv>
                    <Unicode>mauan biuos a muchos esclauos.</Unicode>
                </TextEquiv>
            </TextLine>
            <TextLine id="r1l23" custom="readingOrder {index:22;}">
                <Coords points="47,2453 581,2406 892,2440 1010,2391 1201,2414 1205,2349 909,2313 710,2374 440,2329 45,2397"/>
                <Baseline points="54,2436 111,2431 168,2427 225,2423 283,2420 340,2417 397,2414 455,2412 512,2409 569,2408 627,2405 684,2405 741,2403 798,2402 856,2400 913,2400 970,2399 1028,2399 1085,2397 1142,2397 1200,2397"/>
                <TextEquiv>
                    <Unicode>echando los biuos, enel fuego, en</Unicode>
                </TextEquiv>
            </TextLine>
            <TextLine id="r1l24" custom="readingOrder {index:23;}">
                <Coords points="56,2574 369,2576 520,2499 676,2543 838,2494 1217,2502 1215,2447 1011,2391 685,2479 598,2430 52,2453"/>
                <Baseline points="62,2519 119,2517 176,2514 234,2511 291,2510 348,2508 406,2507 463,2504 520,2502 578,2501 635,2499 692,2498 750,2496 807,2495 864,2493 922,2492 979,2490 1036,2489 1094,2487 1151,2486 1209,2484"/>
                <TextEquiv>
                    <Unicode>vn altar grande, que se llamauā</Unicode>
                </TextEquiv>
            </TextLine>
            <TextLine id="r1l25" custom="readingOrder {index:24;}">
                <Coords points="54,2677 314,2687 473,2618 724,2665 828,2604 1090,2651 1242,2613 1238,2542 1052,2507 748,2516 620,2561 571,2530 357,2596 295,2558 160,2599 48,2567"/>
                <Baseline points="60,2652 118,2646 177,2641 235,2635 294,2630 353,2627 411,2623 470,2618 529,2616 587,2612 646,2610 705,2607 763,2606 822,2604 881,2601 939,2600 998,2598 1057,2597 1115,2595 1174,2594 1233,2592"/>
                <TextEquiv>
                    <Unicode>teccalço, que tenja gradas, porqua</Unicode>
                </TextEquiv>
            </TextLine>
            <TextLine id="r1l26" custom="readingOrder {index:25;}">
                <Coords points="55,2759 159,2784 423,2718 1150,2714 1218,2700 1216,2651 854,2628 758,2672 446,2629 380,2685 51,2676"/>
                <Baseline points="62,2756 119,2750 176,2745 234,2739 291,2735 349,2730 406,2725 464,2721 521,2718 579,2715 636,2712 693,2709 751,2708 808,2706 866,2704 923,2703 981,2702 1038,2700 1096,2700 1153,2700 1211,2699"/>
                <TextEquiv>
                    <Unicode>tro partes. Encima del altar, an</Unicode>
                </TextEquiv>
            </TextLine>
            <TextLine id="r1l27" custom="readingOrder {index:26;}">
                <Coords points="56,2863 352,2876 444,2822 1021,2826 1084,2792 1221,2825 1216,2741 1168,2767 1103,2715 904,2757 355,2750 240,2809 50,2768"/>
                <Baseline points="63,2861 120,2855 177,2848 235,2843 292,2836 350,2830 407,2826 465,2820 522,2816 580,2812 637,2807 694,2804 752,2801 809,2799 867,2798 924,2796 982,2795 1039,2795 1097,2795 1154,2795 1212,2796"/>
                <TextEquiv>
                    <Unicode>daua baylando, vn mancebo, a</Unicode>
                </TextEquiv>
            </TextLine>
            <TextLine id="r1l28" custom="readingOrder {index:27;}">
                <Coords points="54,2989 394,2926 605,2941 675,2900 1197,2909 1204,2846 1091,2811 1020,2861 821,2815 691,2862 136,2873 50,2930"/>
                <Baseline points="59,2957 116,2954 173,2949 230,2945 287,2940 344,2936 401,2930 458,2925 515,2921 572,2915 629,2910 686,2907 743,2902 800,2899 857,2897 914,2894 971,2892 1028,2892 1085,2892 1142,2894 1200,2897"/>
                <TextEquiv>
                    <Unicode>derecado con vn cabellera de ca</Unicode>
                </TextEquiv>
            </TextLine>
            <TextLine id="r1l29" custom="readingOrder {index:28;}">
                <Coords points="47,3087 304,3044 401,3087 457,3039 653,3045 691,3012 770,3048 927,2994 1030,3032 1218,2992 1212,2906 1140,2947 917,2914 527,2985 323,2951 41,2989"/>
                <Baseline points="53,3066 110,3061 168,3054 226,3048 284,3043 342,3037 400,3032 458,3027 516,3023 574,3018 632,3013 689,3010 747,3006 805,3003 863,3000 921,2997 979,2996 1037,2994 1095,2993 1153,2991 1211,2990"/>
                <TextEquiv>
                    <Unicode>bellos largos, con vn plumaje de</Unicode>
                </TextEquiv>
            </TextLine>
            <TextLine id="r1l30" custom="readingOrder {index:29;}">
                <Coords points="63,3202 331,3140 716,3163 769,3121 1150,3110 1205,3098 1201,3014 1129,3072 798,3037 741,3087 56,3083"/>
                <Baseline points="68,3162 124,3158 180,3153 237,3149 293,3145 350,3141 406,3138 463,3135 519,3132 576,3129 632,3128 688,3125 745,3123 801,3120 858,3117 914,3114 971,3111 1027,3107 1084,3105 1140,3100 1197,3095"/>
                <TextEquiv>
                    <Unicode>plumas ricas, con la corona: la</Unicode>
                </TextEquiv>
            </TextLine>
            <TextLine id="r1l31" custom="readingOrder {index:30;}">
                <Coords points="62,3266 300,3293 479,3236 582,3270 1201,3256 1207,3138 1137,3180 878,3143 823,3188 738,3142 60,3207"/>
                <Baseline points="68,3251 124,3247 181,3244 238,3240 294,3238 351,3236 408,3234 464,3233 521,3231 578,3230 635,3228 691,3227 748,3225 805,3223 861,3221 918,3219 975,3216 1031,3214 1088,3210 1145,3206 1202,3203"/>
                <TextEquiv>
                    <Unicode>cara tenjala, teñjda de negro, cō</Unicode>
                </TextEquiv>
            </TextLine>
            <TextLine id="r1l32" custom="readingOrder {index:31;}">
                <Coords points="55,3364 478,3368 806,3296 1098,3329 1189,3307 1188,3256 824,3286 533,3250 470,3303 52,3275"/>
                <Baseline points="62,3344 118,3341 174,3336 230,3335 286,3332 342,3330 398,3329 454,3327 510,3326 566,3324 622,3324 678,3323 734,3321 790,3320 846,3320 902,3318 958,3317 1014,3314 1070,3312 1126,3311 1182,3308"/>
                <TextEquiv>
                    <Unicode>vnas rayas de blanco, vna que</Unicode>
                </TextEquiv>
            </TextLine>
            <TextLine id="r1l33" custom="readingOrder {index:32;}">
                <Coords points="61,3457 278,3478 470,3422 583,3463 844,3403 1108,3439 1211,3413 1209,3352 1085,3341 1002,3383 942,3336 694,3372 546,3339 482,3392 330,3355 291,3391 177,3360 59,3403"/>
                <Baseline points="68,3443 124,3439 181,3437 238,3434 295,3431 351,3429 408,3426 465,3425 522,3422 578,3420 635,3419 692,3416 749,3415 805,3413 862,3411 919,3410 976,3408 1032,3407 1089,3405 1146,3404 1203,3402"/>
                <TextEquiv>
                    <Unicode>salia desde la punta de la ceja,</Unicode>
                </TextEquiv>
            </TextLine>
            <TextLine id="r1l34" custom="readingOrder {index:33;}">
                <Coords points="48,3592 512,3520 724,3570 984,3484 1136,3520 1217,3496 1215,3440 995,3421 857,3470 699,3421 564,3487 459,3448 381,3485 335,3444 44,3483"/>
                <Baseline points="54,3549 111,3545 169,3540 227,3536 285,3534 342,3531 400,3530 458,3528 516,3525 573,3525 631,3524 689,3522 747,3520 804,3518 862,3516 920,3514 978,3510 1035,3509 1093,3504 1151,3500 1209,3494"/>
                <TextEquiv>
                    <Unicode>hazia lo alto de la frente, y otra</Unicode>
                </TextEquiv>
            </TextLine>
            <TextLine id="r1l35" custom="readingOrder {index:34;}">
                <Coords points="60,3688 126,3647 899,3608 1019,3661 1098,3600 1229,3598 1225,3516 723,3571 343,3529 216,3604 57,3613"/>
                <Baseline points="66,3648 123,3642 181,3637 239,3632 296,3628 354,3626 412,3623 469,3621 527,3620 585,3618 643,3617 700,3615 758,3614 816,3612 873,3609 931,3606 989,3601 1046,3597 1104,3591 1162,3583 1220,3575"/>
                <TextEquiv>
                    <Unicode>que descendia desde el lagrimal</Unicode>
                </TextEquiv>
            </TextLine>
            <TextLine id="r1l36" custom="readingOrder {index:35;}">
                <Coords points="60,3758 226,3766 378,3716 930,3726 996,3694 1189,3720 1194,3626 1075,3608 1001,3670 926,3612 763,3652 184,3643 57,3690"/>
                <Baseline points="66,3738 122,3732 178,3728 234,3724 290,3721 346,3717 402,3714 458,3711 514,3708 570,3706 627,3704 683,3701 739,3699 795,3697 851,3694 907,3692 963,3689 1019,3686 1075,3682 1131,3677 1188,3674"/>
                <TextEquiv>
                    <Unicode>del ojo, hazia la maxilla, hazi</Unicode>
                </TextEquiv>
            </TextLine>
            <TextLine id="r1l37" custom="readingOrder {index:36;}">
                <Coords points="54,3823 898,3818 1211,3770 1209,3716 1057,3744 829,3710 600,3755 412,3728 235,3772 52,3760"/>
                <Baseline points="62,3824 119,3819 176,3814 233,3811 290,3807 347,3804 404,3803 461,3800 518,3798 575,3797 632,3795 689,3794 746,3792 803,3791 860,3788 917,3785 974,3783 1031,3779 1088,3774 1145,3769 1203,3762"/>
                <TextEquiv>
                    <Unicode>endo medio circulo. Praya acues</Unicode>
                </TextEquiv>
            </TextLine>
            <TextLine id="r1l38" custom="readingOrder {index:37;}">
                <Coords points="53,3923 349,3930 451,3882 668,3932 910,3864 1074,3895 1187,3863 1185,3796 1024,3781 676,3854 606,3807 470,3834 423,3802 341,3841 111,3827 51,3870"/>
                <Baseline points="60,3896 118,3890 177,3886 236,3882 295,3880 354,3878 413,3876 472,3876 531,3875 590,3875 648,3873 707,3873 766,3872 825,3870 884,3868 943,3865 1002,3861 1061,3857 1120,3851 1179,3843"/>
                <TextEquiv>
                    <Unicode>tas vn plumaje, que se llama</Unicode>
                </TextEquiv>
            </TextLine>
            <TextEquiv>
                <Unicode>Libro. 2.
ofrecer alos dioses, rezien llegados:
y lo que offrecian, era aquellos ta
males de semjllas, que aujan he
cho el dia antes. En acabando de
ofrecer, luego se yuan asus ca
sas, no quedaua alli nadie: y a
la noche beujan pulcre, los viejos
y viejas: dezian, que lauauan
los pies a los dioses. El dia siguj
ente, llegaua el dios de los merca
deres, llamado lacapitzaoac, o
yiacatecutli: y otro dios, llama
do yxcocauhquj, o xiuhtecutli:
que es el dios, del fuego, aqujen
los mercaderes, tienen mucha
deuocion. Estos dos, llegauan
ala postre vn dia despues de los
otros: porque dezian, que eran
viejos, y no andauan tanto como
los otros. Acabado esto, luego que
mauan biuos a muchos esclauos.
echando los biuos, enel fuego, en
vn altar grande, que se llamauā
teccalço, que tenja gradas, porqua
tro partes. Encima del altar, an
daua baylando, vn mancebo, a
derecado con vn cabellera de ca
bellos largos, con vn plumaje de
plumas ricas, con la corona: la
cara tenjala, teñjda de negro, cō
vnas rayas de blanco, vna que
salia desde la punta de la ceja,
hazia lo alto de la frente, y otra
que descendia desde el lagrimal
del ojo, hazia la maxilla, hazi
endo medio circulo. Praya acues
tas vn plumaje, que se llama</Unicode>
            </TextEquiv>
        </TextRegion>
        <TextRegion orientation="0.0" id="r2" custom="readingOrder {index:1;}">
            <Coords points="1268,79 1268,3924 2373,3924 2373,79"/>
            <TextLine id="r2l1" custom="readingOrder {index:0;}">
                <Coords points="1402,152 1789,151 1873,198 1960,169 2095,190 2174,149 2266,169 2267,32 1971,20 1822,61 1648,0 1402,0"/>
                <Baseline points="1409,135 1451,134 1494,134 1536,134 1579,134 1621,135 1664,135 1706,135 1749,135 1791,136 1834,137 1876,137 1919,137 1961,137 2004,138 2046,138 2089,138 2131,138 2174,138 2216,137 2259,137"/>
                <TextEquiv>
                    <Unicode>de las cerimonjas</Unicode>
                </TextEquiv>
            </TextLine>
            <TextLine id="r2l2" custom="readingOrder {index:1;}">
                <Coords points="1299,330 1366,302 1503,336 1785,316 1885,367 1932,322 2374,294 2373,218 1928,270 1840,217 1555,263 1298,233"/>
                <Baseline points="1307,308 1360,309 1413,309 1466,311 1519,312 1572,313 1625,314 1678,315 1731,315 1784,315 1837,315 1890,315 1943,315 1996,314 2049,312 2102,309 2155,307 2208,303 2261,299 2314,294 2367,288"/>
                <TextEquiv>
                    <Unicode>ic neci, caohecoque in tetoili</Unicode>
                </TextEquiv>
            </TextLine>
            <TextLine id="r2l3" custom="readingOrder {index:2;}">
                <Coords points="1313,482 1441,428 1591,425 1725,493 1836,432 2274,433 2368,395 2366,302 2211,373 1997,338 1888,369 1788,343 1717,387 1310,373"/>
                <Baseline points="1319,428 1371,428 1423,428 1475,428 1527,428 1579,428 1631,428 1683,428 1735,428 1787,428 1840,428 1892,426 1944,426 1996,425 2048,422 2100,420 2152,416 2204,413 2256,408 2308,402 2361,396"/>
                <TextEquiv>
                    <Unicode>njman ic qujoalitva, mia</Unicode>
                </TextEquiv>
            </TextLine>
            <TextLine id="r2l4" custom="readingOrder {index:3;}">
                <Coords points="1291,581 1546,563 1892,598 1982,544 2321,525 2331,432 2251,478 2109,452 1912,509 1508,475 1288,513"/>
                <Baseline points="1298,557 1349,555 1400,555 1452,555 1503,554 1555,554 1606,554 1658,552 1709,551 1761,551 1812,549 1863,548 1915,546 1966,543 2018,542 2069,538 2121,534 2172,531 2224,527 2275,522 2327,515"/>
                <TextEquiv>
                    <Unicode>oa. Caomecavi in tlacatl:</Unicode>
                </TextEquiv>
            </TextLine>
            <TextLine id="r2l5" custom="readingOrder {index:4;}">
                <Coords points="1310,694 1576,672 1723,718 1813,676 2235,689 2354,639 2351,563 1950,635 1308,619"/>
                <Baseline points="1317,678 1368,677 1419,675 1471,675 1522,675 1574,674 1625,674 1677,674 1728,673 1780,672 1831,672 1882,671 1934,669 1985,668 2037,665 2088,662 2140,659 2191,654 2243,649 2294,644 2346,638"/>
                <TextEquiv>
                    <Unicode>mocacoc: njma ic maanti</Unicode>
                </TextEquiv>
            </TextLine>
            <TextLine id="r2l6" custom="readingOrder {index:5;}">
                <Coords points="1304,802 1375,793 1431,832 1743,781 2278,799 2336,789 2334,691 2116,733 1978,697 1724,729 1683,697 1451,755 1303,740"/>
                <Baseline points="1311,789 1361,788 1412,787 1463,786 1514,785 1565,785 1616,783 1666,783 1717,782 1768,782 1819,780 1870,779 1921,779 1972,777 2022,776 2073,774 2124,773 2175,771 2226,769 2277,767 2328,764"/>
                <TextEquiv>
                    <Unicode>moquetza in tlapitzalo,</Unicode>
                </TextEquiv>
            </TextLine>
            <TextLine id="r2l7" custom="readingOrder {index:6;}">
                <Coords points="1301,929 1445,950 1512,901 1800,919 2046,884 2220,925 2378,867 2375,786 2135,833 1862,843 1764,805 1594,853 1483,823 1299,856"/>
                <Baseline points="1308,902 1361,899 1414,897 1467,896 1520,896 1573,894 1626,894 1679,893 1732,893 1785,891 1839,890 1892,889 1945,888 1998,886 2051,884 2104,881 2157,879 2210,874 2263,870 2316,866 2370,860"/>
                <TextEquiv>
                    <Unicode>qujtzacutimomana: njmā</Unicode>
                </TextEquiv>
            </TextLine>
            <TextLine id="r2l8" custom="readingOrder {index:7;}">
                <Coords points="1298,1036 1859,1014 1962,1068 2017,1020 2381,973 2352,905 2111,962 1891,919 1825,963 1665,974 1587,924 1297,971"/>
                <Baseline points="1305,1020 1358,1016 1411,1013 1465,1011 1518,1010 1572,1010 1625,1010 1678,1010 1732,1010 1785,1011 1839,1011 1892,1011 1945,1011 1999,1010 2052,1008 2106,1006 2159,1002 2212,997 2266,992 2319,983 2373,974"/>
                <TextEquiv>
                    <Unicode>ic macho, cao heçoque intetci</Unicode>
                </TextEquiv>
            </TextLine>
            <TextLine id="r2l9" custom="readingOrder {index:8;}">
                <Coords points="1291,1132 1536,1191 1593,1149 2303,1135 2357,1105 2356,993 2175,1081 1973,1079 1890,1023 1819,1071 1621,1079 1395,1034 1291,1088"/>
                <Baseline points="1299,1125 1351,1122 1404,1121 1456,1121 1509,1121 1561,1121 1614,1121 1666,1122 1719,1123 1771,1124 1824,1125 1876,1125 1929,1126 1981,1126 2034,1125 2086,1124 2139,1122 2191,1119 2244,1114 2296,1109 2349,1103"/>
                <TextEquiv>
                    <Unicode>Aiuh mjxqujch maceoalli,</Unicode>
                </TextEquiv>
            </TextLine>
            <TextLine id="r2l10" custom="readingOrder {index:9;}">
                <Coords points="1298,1280 1649,1245 1856,1277 1974,1241 2191,1288 2356,1212 2355,1176 2217,1185 2164,1147 2108,1188 1483,1173 1297,1202"/>
                <Baseline points="1305,1248 1357,1244 1409,1241 1461,1240 1513,1239 1565,1239 1617,1239 1670,1239 1722,1239 1774,1241 1826,1241 1878,1242 1930,1242 1982,1242 2035,1241 2087,1239 2139,1238 2191,1235 2243,1231 2295,1226 2348,1220"/>
                <TextEquiv>
                    <Unicode>njman ic vivi, viviloa, i</Unicode>
                </TextEquiv>
            </TextLine>
            <TextLine id="r2l11" custom="readingOrder {index:10;}">
                <Coords points="1291,1364 2119,1384 2361,1341 2337,1268 1621,1304 1290,1281"/>
                <Baseline points="1299,1355 1351,1350 1404,1347 1457,1345 1510,1343 1562,1343 1615,1343 1668,1343 1721,1343 1773,1344 1826,1345 1879,1346 1932,1346 1984,1347 2037,1346 2090,1344 2143,1343 2195,1341 2248,1336 2301,1332 2354,1325"/>
                <TextEquiv>
                    <Unicode>tlatlamanazque in teupa,</Unicode>
                </TextEquiv>
            </TextLine>
            <TextLine id="r2l12" custom="readingOrder {index:11;}">
                <Coords points="1304,1463 2174,1488 2288,1446 2363,1475 2350,1377 1983,1381 1889,1418 1304,1371"/>
                <Baseline points="1311,1455 1363,1452 1415,1450 1467,1448 1519,1448 1572,1448 1624,1449 1676,1449 1728,1451 1780,1452 1833,1453 1885,1454 1937,1455 1989,1455 2041,1455 2094,1454 2146,1451 2198,1448 2250,1444 2302,1439 2355,1433"/>
                <TextEquiv>
                    <Unicode>in in teteupan ciablome: </Unicode>
                </TextEquiv>
            </TextLine>
            <TextLine id="r2l13" custom="readingOrder {index:12;}">
                <Coords points="1278,1572 2347,1583 2327,1476 2070,1505 1910,1473 1858,1511 1277,1481"/>
                <Baseline points="1286,1560 1338,1557 1391,1556 1443,1556 1496,1556 1549,1556 1601,1557 1654,1557 1707,1559 1759,1560 1812,1562 1865,1562 1917,1563 1970,1562 2023,1562 2075,1560 2128,1557 2181,1553 2233,1548 2286,1542 2339,1533"/>
                <TextEquiv>
                    <Unicode>moche in tlapololli, in qujn</Unicode>
                </TextEquiv>
            </TextLine>
            <TextLine id="r2l14" custom="readingOrder {index:13;}">
                <Coords points="1272,1683 1417,1712 1589,1664 2357,1693 2344,1583 2110,1580 2035,1622 1969,1593 1915,1626 1820,1584 1624,1610 1561,1572 1271,1622"/>
                <Baseline points="1280,1670 1333,1668 1386,1667 1440,1665 1493,1665 1547,1665 1600,1665 1653,1665 1707,1665 1760,1667 1814,1667 1867,1667 1920,1666 1974,1665 2027,1664 2081,1662 2134,1659 2187,1655 2241,1649 2294,1644 2348,1637"/>
                <TextEquiv>
                    <Unicode>manjlia: auh in ontla clamo</Unicode>
                </TextEquiv>
            </TextLine>
            <TextLine id="r2l15" custom="readingOrder {index:14;}">
                <Coords points="1269,1790 2288,1796 2337,1786 2337,1682 2104,1694 2046,1731 1671,1728 1486,1684 1269,1748"/>
                <Baseline points="1277,1779 1329,1776 1382,1774 1434,1772 1487,1770 1540,1770 1592,1770 1645,1770 1698,1772 1750,1772 1803,1773 1856,1775 1908,1775 1961,1776 2014,1776 2066,1775 2119,1774 2172,1773 2224,1771 2277,1767 2330,1763"/>
                <TextEquiv>
                    <Unicode>naloc, njman ic cactivetza.</Unicode>
                </TextEquiv>
            </TextLine>
            <TextLine id="r2l16" custom="readingOrder {index:15;}">
                <Coords points="1290,1904 1851,1892 1907,1923 2347,1880 2318,1812 1895,1838 1557,1826 1421,1785 1289,1819"/>
                <Baseline points="1298,1886 1350,1886 1402,1886 1454,1886 1506,1886 1558,1886 1610,1886 1662,1886 1714,1886 1766,1884 1819,1884 1871,1884 1923,1883 1975,1883 2027,1881 2079,1881 2131,1878 2183,1877 2235,1875 2287,1873 2340,1871"/>
                <TextEquiv>
                    <Unicode>Auh in ieioaa: çan ienorvi</Unicode>
                </TextEquiv>
            </TextLine>
            <TextLine id="r2l17" custom="readingOrder {index:16;}">
                <Coords points="1276,2011 1368,2048 1507,1994 2274,2015 2351,2005 2351,1936 2068,1953 1937,1910 1696,1936 1635,1907 1276,1974"/>
                <Baseline points="1284,1998 1339,1996 1395,1995 1451,1994 1506,1994 1562,1994 1618,1995 1674,1997 1729,1998 1785,1998 1841,2000 1897,2000 1952,2001 2008,2000 2064,2000 2120,1998 2175,1996 2231,1993 2287,1989 2343,1983"/>
                <TextEquiv>
                    <Unicode>iqujchioa, tlatlaoana i</Unicode>
                </TextEquiv>
            </TextLine>
            <TextLine id="r2l18" custom="readingOrder {index:17;}">
                <Coords points="1288,2122 1446,2192 1587,2109 2119,2150 2357,2117 2357,2041 1970,2062 1913,2033 1705,2085 1544,2024 1471,2062 1288,2059"/>
                <Baseline points="1296,2115 1348,2112 1401,2110 1453,2109 1506,2109 1559,2109 1611,2109 1664,2111 1717,2112 1769,2113 1822,2114 1875,2115 1927,2117 1980,2117 2033,2117 2085,2117 2138,2115 2191,2113 2243,2110 2296,2106 2349,2102"/>
                <TextEquiv>
                    <Unicode>vevetque, mjlamatzitzin</Unicode>
                </TextEquiv>
            </TextLine>
            <TextLine id="r2l19" custom="readingOrder {index:18;}">
                <Coords points="1289,2266 1533,2244 1871,2287 1915,2242 2050,2269 2378,2200 2377,2136 2324,2129 2072,2142 2001,2186 1708,2176 1669,2140 1543,2194 1288,2171"/>
                <Baseline points="1296,2231 1349,2229 1403,2228 1457,2228 1510,2228 1564,2228 1618,2229 1671,2229 1725,2231 1779,2231 1833,2232 1886,2232 1940,2232 1994,2231 2047,2231 2101,2229 2155,2226 2208,2223 2262,2218 2316,2213 2370,2207"/>
                <TextEquiv>
                    <Unicode>qujimach, qujmjcxipaca ia</Unicode>
                </TextEquiv>
            </TextLine>
            <TextLine id="r2l20" custom="readingOrder {index:19;}">
                <Coords points="1278,2366 1438,2397 1599,2348 1689,2382 1927,2362 2014,2399 2097,2343 2179,2389 2238,2346 2375,2338 2374,2246 2169,2303 1990,2273 1910,2329 1676,2269 1623,2309 1356,2271 1277,2301"/>
                <Baseline points="1286,2349 1340,2349 1394,2349 1448,2349 1502,2349 1556,2351 1610,2352 1664,2353 1718,2354 1772,2355 1826,2355 1880,2355 1934,2355 1988,2354 2042,2352 2096,2349 2150,2345 2204,2341 2258,2334 2312,2326 2367,2316"/>
                <TextEquiv>
                    <Unicode>hecoque Teteu. Auh mjmaca</Unicode>
                </TextEquiv>
            </TextLine>
            <TextLine id="r2l21" custom="readingOrder {index:20;}">
                <Coords points="1285,2481 2040,2487 2110,2516 2360,2469 2359,2372 2294,2411 2196,2374 2115,2419 1952,2382 1877,2421 1383,2381 1285,2406"/>
                <Baseline points="1292,2462 1345,2462 1398,2462 1451,2462 1504,2463 1557,2464 1610,2465 1663,2466 1716,2466 1769,2468 1822,2468 1875,2469 1928,2469 1981,2468 2034,2468 2087,2466 2140,2465 2193,2462 2246,2459 2299,2454 2352,2450"/>
                <TextEquiv>
                    <Unicode>tlaioc, iquac heco m jacas</Unicode>
                </TextEquiv>
            </TextLine>
            <TextLine id="r2l22" custom="readingOrder {index:21;}">
                <Coords points="1281,2610 1402,2574 1669,2632 1798,2586 2179,2622 2356,2563 2356,2475 2286,2517 2140,2500 1998,2538 1926,2505 1826,2536 1738,2487 1555,2547 1514,2508 1281,2485"/>
                <Baseline points="1289,2579 1342,2576 1395,2575 1448,2574 1501,2574 1554,2574 1607,2574 1660,2576 1713,2576 1766,2577 1819,2579 1872,2579 1925,2580 1978,2580 2031,2580 2084,2579 2137,2577 2190,2576 2243,2573 2296,2570 2349,2565"/>
                <TextEquiv>
                    <Unicode>tzaoac, mj Jacatecutli: pocl</Unicode>
                </TextEquiv>
            </TextLine>
            <TextLine id="r2l23" custom="readingOrder {index:22;}">
                <Coords points="1269,2702 1917,2693 2108,2741 2347,2669 2347,2611 2073,2659 1918,2608 1869,2636 1269,2612"/>
                <Baseline points="1277,2685 1330,2682 1383,2681 1436,2679 1489,2679 1542,2679 1595,2681 1649,2681 1702,2682 1755,2684 1808,2685 1861,2687 1914,2688 1967,2688 2021,2688 2074,2688 2127,2687 2180,2685 2233,2682 2286,2678 2340,2673"/>
                <TextEquiv>
                    <Unicode>teca in teouh catca, yoa tl</Unicode>
                </TextEquiv>
            </TextLine>
            <TextLine id="r2l24" custom="readingOrder {index:23;}">
                <Coords points="1284,2823 1366,2794 1729,2847 1979,2802 2234,2826 2356,2798 2356,2703 2261,2746 2005,2718 1947,2755 1817,2719 1762,2749 1658,2714 1569,2744 1420,2703 1284,2719"/>
                <Baseline points="1292,2796 1344,2794 1397,2793 1450,2792 1503,2792 1556,2792 1609,2793 1661,2795 1714,2796 1767,2798 1820,2799 1873,2801 1926,2801 1979,2802 2031,2802 2084,2801 2137,2800 2190,2797 2243,2794 2296,2789 2349,2784"/>
                <TextEquiv>
                    <Unicode>Ixcoçauhquj, iahoatl in y</Unicode>
                </TextEquiv>
            </TextLine>
            <TextLine id="r2l25" custom="readingOrder {index:24;}">
                <Coords points="1261,2923 1904,2928 1970,2970 2034,2925 2313,2924 2360,2897 2360,2831 2139,2819 1718,2898 1651,2838 1510,2812 1261,2890"/>
                <Baseline points="1268,2915 1322,2913 1376,2912 1430,2912 1484,2913 1539,2913 1593,2915 1647,2916 1701,2918 1755,2919 1810,2921 1864,2922 1918,2924 1972,2924 2026,2924 2081,2922 2135,2919 2189,2916 2243,2911 2297,2905 2352,2898"/>
                <TextEquiv>
                    <Unicode>uh tecutli, cannopochteca</Unicode>
                </TextEquiv>
            </TextLine>
            <TextLine id="r2l26" custom="readingOrder {index:25;}">
                <Coords points="1279,3051 2224,3062 2349,3030 2349,2936 2039,2998 1969,2975 1931,3008 1633,2950 1581,2983 1436,2951 1279,2990"/>
                <Baseline points="1286,3032 1338,3030 1391,3029 1444,3029 1497,3030 1550,3030 1602,3032 1655,3034 1708,3036 1761,3038 1814,3038 1866,3039 1919,3039 1972,3039 2025,3039 2078,3038 2130,3035 2183,3031 2236,3025 2289,3019 2342,3011"/>
                <TextEquiv>
                    <Unicode>in teouh catça, caoallatia</Unicode>
                </TextEquiv>
            </TextLine>
            <TextLine id="r2l27" custom="readingOrder {index:26;}">
                <Coords points="1266,3154 1510,3176 1546,3145 1961,3209 2094,3158 2380,3139 2381,3048 2128,3059 2011,3110 1773,3067 1502,3112 1447,3079 1267,3087"/>
                <Baseline points="1274,3137 1331,3137 1389,3137 1447,3138 1505,3141 1563,3144 1621,3147 1678,3150 1736,3152 1794,3155 1852,3158 1910,3159 1968,3161 2025,3160 2083,3159 2141,3156 2199,3151 2257,3145 2315,3137 2373,3128"/>
                <TextEquiv>
                    <Unicode>tivia, caoalla toqujlitivioā,</Unicode>
                </TextEquiv>
            </TextLine>
            <TextLine id="r2l28" custom="readingOrder {index:27;}">
                <Coords points="1279,3292 1454,3306 1561,3268 1756,3282 1839,3329 2136,3321 2358,3260 2360,3199 2211,3232 2142,3194 2052,3226 1725,3221 1674,3177 1281,3203"/>
                <Baseline points="1287,3246 1340,3249 1393,3251 1446,3254 1499,3258 1553,3261 1606,3264 1659,3267 1712,3272 1765,3274 1819,3278 1872,3279 1925,3281 1978,3282 2031,3282 2085,3282 2138,3279 2191,3277 2244,3273 2297,3267 2351,3260"/>
                <TextEquiv>
                    <Unicode>ca qujoalcentzacujtivia: </Unicode>
                </TextEquiv>
            </TextLine>
            <TextLine id="r2l29" custom="readingOrder {index:28;}">
                <Coords points="1275,3401 1873,3409 1934,3445 2012,3398 2237,3444 2365,3410 2365,3294 2173,3341 1950,3308 1734,3349 1378,3289 1275,3333"/>
                <Baseline points="1283,3378 1336,3381 1390,3384 1444,3387 1498,3391 1551,3393 1605,3396 1659,3399 1713,3401 1766,3402 1820,3404 1874,3404 1928,3404 1981,3404 2035,3402 2089,3400 2143,3398 2196,3393 2250,3389 2304,3382 2358,3375"/>
                <TextEquiv>
                    <Unicode>hica ca ie vevetque. Auhtio,</Unicode>
                </TextEquiv>
            </TextLine>
            <TextLine id="r2l30" custom="readingOrder {index:29;}">
                <Coords points="1267,3567 1498,3523 1973,3534 2017,3571 2077,3531 2355,3533 2375,3406 2110,3474 1947,3441 1700,3490 1267,3450"/>
                <Baseline points="1274,3500 1328,3506 1383,3510 1437,3515 1492,3519 1547,3523 1601,3526 1656,3529 1711,3531 1765,3533 1820,3533 1875,3534 1929,3533 1984,3531 2039,3529 2093,3526 2148,3523 2203,3517 2257,3512 2312,3504 2367,3495"/>
                <TextEquiv>
                    <Unicode>quac i, njman icpaoa mnc</Unicode>
                </TextEquiv>
            </TextLine>
            <TextLine id="r2l31" custom="readingOrder {index:30;}">
                <Coords points="1264,3643 1585,3705 2195,3674 2378,3624 2377,3532 2338,3521 2304,3554 2117,3557 2032,3610 1830,3618 1709,3570 1587,3621 1378,3545 1264,3571"/>
                <Baseline points="1271,3624 1328,3633 1386,3639 1444,3645 1502,3651 1560,3654 1618,3659 1675,3662 1733,3663 1791,3664 1849,3665 1907,3663 1965,3662 2022,3658 2080,3654 2138,3647 2196,3642 2254,3634 2312,3624 2370,3615"/>
                <TextEquiv>
                    <Unicode>tlepan tlaxo, vncan in tos</Unicode>
                </TextEquiv>
            </TextLine>
            <TextLine id="r2l32" custom="readingOrder {index:31;}">
                <Coords points="1267,3756 1643,3784 1728,3840 1804,3797 1948,3819 2153,3767 2241,3795 2339,3742 2321,3690 1776,3728 1693,3682 1516,3727 1422,3672 1267,3689"/>
                <Baseline points="1274,3747 1326,3754 1379,3759 1432,3764 1485,3767 1538,3771 1591,3774 1643,3776 1696,3777 1749,3777 1802,3777 1855,3777 1908,3776 1961,3773 2013,3770 2066,3767 2119,3763 2172,3759 2225,3753 2278,3748 2331,3741"/>
                <TextEquiv>
                    <Unicode>caleo; vel mjequjntin, in</Unicode>
                </TextEquiv>
            </TextLine>
            <TextLine id="r2l33" custom="readingOrder {index:32;}">
                <Coords points="1262,3925 1412,3880 1566,3941 1887,3890 2078,3921 2360,3859 2359,3778 2206,3836 1795,3809 1694,3849 1564,3791 1463,3816 1260,3782"/>
                <Baseline points="1269,3867 1323,3872 1377,3875 1431,3880 1485,3884 1539,3887 1593,3890 1648,3893 1702,3894 1756,3896 1810,3897 1864,3896 1918,3895 1972,3893 2027,3890 2081,3886 2135,3880 2189,3874 2243,3865 2297,3856 2352,3845"/>
                <TextEquiv>
                    <Unicode>qujn tlepan tlacaia, matila</Unicode>
                </TextEquiv>
            </TextLine>
            <TextEquiv>
                <Unicode>de las cerimonjas
ic neci, caohecoque in tetoili
njman ic qujoalitva, mia
oa. Caomecavi in tlacatl:
mocacoc: njma ic maanti
moquetza in tlapitzalo,
qujtzacutimomana: njmā
ic macho, cao heçoque intetci
Aiuh mjxqujch maceoalli,
njman ic vivi, viviloa, i
tlatlamanazque in teupa,
in in teteupan ciablome: 
moche in tlapololli, in qujn
manjlia: auh in ontla clamo
naloc, njman ic cactivetza.
Auh in ieioaa: çan ienorvi
iqujchioa, tlatlaoana i
vevetque, mjlamatzitzin
qujimach, qujmjcxipaca ia
hecoque Teteu. Auh mjmaca
tlaioc, iquac heco m jacas
tzaoac, mj Jacatecutli: pocl
teca in teouh catca, yoa tl
Ixcoçauhquj, iahoatl in y
uh tecutli, cannopochteca
in teouh catça, caoallatia
tivia, caoalla toqujlitivioā,
ca qujoalcentzacujtivia: 
hica ca ie vevetque. Auhtio,
quac i, njman icpaoa mnc
tlepan tlaxo, vncan in tos
caleo; vel mjequjntin, in
qujn tlepan tlacaia, matila</Unicode>
            </TextEquiv>
        </TextRegion>
    </Page>
</PcGts>
