1690 2638
8 303 40 364 n
148 36 544 150 Capitulo. 14.
58 157 783 229 rian, ofrezian en vn plato de madera, cinco s
19 217 775 275 tamales pequeños: ala manera de los de arrj
48 239 790 320 ba dichos: que diximos ser grandes, con chil
52 286 782 366 molli, en otro vaso. Ofrezian assi mesmo,
58 332 783 412 dos pasteles: que llaman tzoalli: en lugar
56 375 775 466 del vlli, goma negra: que otros ofrezian,
49 418 776 508 en vnos platos de madera: y el vno des
54 478 776 554 tos pastelejos, era negro, y el otro berme
55 510 795 601 jo. la otra gente, ofrezian diuersas cosas:
53 563 778 651 vnos ofrezian, mahiz tostado: otros, ma
53 614 771 700 hiz tostado, rebuelto con mjel, y con harj
55 658 766 741 na, de semjlla de bledos: otros, hecho de
55 716 793 786 pan, vna manera de rayo: como quando
59 751 782 838 cae, del cielo, que llaman xonecujlli. Otros,
59 803 783 889 ofrezian pan, hecho amanera de mari
53 862 793 925 posa: otros, ofrezian, panes azimos, que
66 896 798 965 ellos llaman iotlaxcalli. Otros, ofrezian,
59 937 796 996 vnas tortas, hechas de semjllas, de bledos,
70 994 784 1058 otros ofrezian, vnas tortas: hechas ama
63 1021 779 1100 nera, de rodela, de la mjsma semjlla, he
70 1068 789 1145 chas. Otros hazian saetas, otros espadas: he
73 1112 774 1195 chas de la massa, desta mjsma semjlla. O
65 1150 757 1240 tros ofrezian, muñecas: hechas de la mjs
69 1204 792 1286 ma massa. Enesta mjsma fiesta, todos
74 1258 784 1332 los principales, y calpixques, de la comar
65 1295 799 1383 ca de mexico, que lindauā con los pueblos
74 1343 784 1428 de guerra: trayan amexico, los captiuos, q̄ te
79 1400 781 1470 njan, o comprados: o q̄ por si mjsmos, los a
72 1437 770 1519 ujan captiuado: y entregauanlos, alos
75 1478 797 1558 calpixques, paraque los guardassē: para
83 1539 791 1605 el tiempo, que fuessen menester, ser sacri
76 1580 791 1648 ficados: delante delos ydolos. Y si alguno,
78 1618 791 1695 destos esclauos, se huyan: entre tanto, q̄ se
69 1668 789 1727 llegaua, el tiempo el epodesus sacrificio: el mjs
75 1703 797 1788 mo calpixquj, q̄lo tenja acargo, era obliga
81 1753 795 1820 do, acōprar otro, y ponerle, en el lugar, del
82 1807 784 1868 otro: que auja huydo. La ymagen deste
80 1847 777 1899 dios, era como vn hombre, desnudo: q̄ es
74 1886 773 1957 ta desollado, o teñjdo de bermellon. Y te
78 1932 795 1996 nja, la boca, y la barba, teñjda de blan
72 1966 785 2028 co, y negro, y açul claro. La cara, teñjda
82 2014 799 2083 de bermejo: tenja vna corona, tenjda, de
78 2059 787 2119 verde claro: con vnos penachos, de la mjs
76 2102 786 2166 ma color: tenja, vnas borlas, q̄ colgauan
79 2137 799 2198 de la corona, azia las espaldas. Tenja, a
76 2181 784 2246 cuestas, vna diujsa, o plumaje: q̄ era co
84 2217 790 2286 mo vna vandera, q̄ esta hincada, en vn ce
76 2257 798 2319 rro: y en lo alto tenja, vnos penachos ver
79 2294 791 2353 des. Teñja, ceñido, por el medio del cuer
81 2334 791 2401 po, vna manta bermeja: q̄ colgaua hasta los
86 2369 781 2432 muslos: esta manta, tenja vna franja, de
84 2408 798 2467 q̄ colgauan, vnos caracolitos marjscos. Tenja,
82 2440 789 2507 enlos, vnas cotaras, o sandalias: muy curio
77 2489 774 2543 samente hechas. En la mano izqujerda
80 2523 785 2590 tenja vna rodela: la qual era blanca: y enel
84 2563 770 2626 medio tenja, quatro piedras, puestas de dos
867 36 1383 139 de acujl suchitl.
1469 35 1611 132 fo. 13.
829 151 1534 261 Auh intla aca tlaielti, intla tla
824 248 1550 336 chololti, ypan tlacaquetzaia, mo
830 334 1548 421 tlacacoujaia, qujxiptlaiotiaia,
829 396 1559 539 qujxiptlatiaia: in tlatlacuti, vn
832 462 1592 607 can miqujia, yn jquac ilhujqujx
833 551 1558 676 tililoia. Auh yn jnechichioal:
831 636 1516 752 tenmacpale, ixtlapaloatzale,
831 715 1531 835 tlaixtlapaloatzalujlli, tlaixtla
833 790 1560 930 palvilli, yhujtzoncale, quachichi
1387 885 1407 916 a
830 893 1530 1017 qujle, vitonquj yn jtlamal, vi
836 971 1556 1084 toncatlamamale, ypan icac, to
826 1063 1546 1182 nalopanjtl, quetzaltzonio, que
821 1152 1558 1263 tzaltzontecomaio, quetzaltzonte
828 1233 1566 1366 come, quetzaltzonteconio, tentla
829 1315 1555 1441 paltica motzinjlpi, motzinapa, y
829 1406 1392 1508 tonalocac, tonalocaque.
1140 1532 1193 1618 lo
844 1590 1560 1727 Jnic caxtolli capitulo, y
845 1691 1557 1821 techpa tlatoa yn teutl, ynj
834 1776 1199 1889 toca Omacatl.
866 1908 1591 2035 Jnjn omacatl, vitznaoac, teutl cat
841 1998 1568 2111 ca, yn jtech tlamjloia, inpiquj
825 2066 1582 2177 liloia, qujtooaia ca iehoatl imac
830 2136 1573 2256 tia, in cooaiutl, in tecooanotzaliz
831 2218 1581 2322 tli, in tetlacamatiliztli, intetla
836 2282 1590 2405 tlaqualtiliztli: ymatijan muchi
1533 2453 1586 2528 Es
