<?xml version="1.0" encoding="UTF-8" standalone="yes"?>
<PcGts xmlns="http://schema.primaresearch.org/PAGE/gts/pagecontent/2013-07-15" xmlns:xsi="http://www.w3.org/2001/XMLSchema-instance" xsi:schemaLocation="http://schema.primaresearch.org/PAGE/gts/pagecontent/2013-07-15 http://schema.primaresearch.org/PAGE/gts/pagecontent/2013-07-15/pagecontent.xsd">
    <Metadata>
        <Creator>prov=University of Rostock/Institute of Mathematics/CITlab|PLANET AI GmbH/Gundram Leifert/gundram.leifert@planet-ai.de:name=Florentine Codex(htr_id=24784)::::v=2.6.6
prov=University of Rostock/Institute of Mathematics/CITlab|PLANET AI GmbH/Tobias Gruening/tobias.gruening@planet-ai.de:name=de.uros.citlab.module.baseline2polygon.B2PSeamMultiOriented:v=2.6.6
prov=University of Rostock/Institute of Mathematics/CITlab|PLANET AI GmbH/Tobias Gruening/tobias.gruening@planet-ai.de:name=/net_tf/LA73_249_0mod360.pb:de.uros.citlab.segmentation.CITlab_LA_ML:v=2.6.6
Transkribus</Creator>
        <Created>2020-06-23T15:23:41.184-07:00</Created>
        <LastChange>2020-06-24T07:09:23.533+02:00</LastChange>
    </Metadata>
    <Page imageFilename="FC_Vol_1_292.png" imageWidth="2400" imageHeight="3962">
        <ReadingOrder>
            <OrderedGroup id="ro_1596736949090" caption="Regions reading order">
                <RegionRefIndexed index="0" regionRef="r1"/>
                <RegionRefIndexed index="1" regionRef="r2"/>
            </OrderedGroup>
        </ReadingOrder>
        <TextRegion orientation="0.0" id="r1" custom="readingOrder {index:0;}">
            <Coords points="56,111 56,3878 1292,3878 1292,111"/>
            <TextLine id="r1l1" custom="readingOrder {index:0;}">
                <Coords points="558,181 682,187 770,164 851,209 938,186 1075,209 1154,168 1155,100 1090,87 1045,45 952,38 883,78 799,30 560,24"/>
                <Baseline points="566,158 595,156 624,156 653,156 682,156 711,156 740,156 769,155 798,155 827,155 856,155 885,156 914,156 943,156 972,157 1001,158 1030,159 1059,161 1088,163 1117,165 1146,167"/>
                <TextEquiv>
                    <Unicode>L.ibro. E.</Unicode>
                </TextEquiv>
            </TextLine>
            <TextLine id="r1l2" custom="readingOrder {index:1;}">
                <Coords points="108,330 316,306 386,356 1000,320 1232,367 1299,340 1301,245 643,210 502,264 195,196 110,223"/>
                <Baseline points="116,302 174,302 233,302 292,303 351,303 410,303 468,303 527,305 586,305 645,306 704,308 762,308 821,309 880,311 939,312 998,315 1056,317 1115,319 1174,322 1233,325 1292,327"/>
                <TextEquiv>
                    <Unicode>se llama popotlan, adonde esta la ygle</Unicode>
                </TextEquiv>
            </TextLine>
            <TextLine id="r1l3" custom="readingOrder {index:2;}">
                <Coords points="106,394 752,395 832,447 890,406 1272,451 1274,374 1015,331 686,360 513,322 380,370 306,306 107,358"/>
                <Baseline points="113,389 170,390 228,392 285,392 343,393 401,394 458,395 516,395 573,396 631,396 689,398 746,399 804,400 861,402 919,404 977,406 1034,408 1092,412 1149,416 1207,421 1265,426"/>
                <TextEquiv>
                    <Unicode>sia, de sanet esteuan, y delante de</Unicode>
                </TextEquiv>
            </TextLine>
            <TextLine id="r1l4" custom="readingOrder {index:3;}">
                <Coords points="120,485 1282,519 1283,451 1043,425 844,458 665,397 410,400 340,436 121,396"/>
                <Baseline points="128,479 185,480 242,482 299,482 357,483 414,483 471,483 529,484 586,485 643,485 701,485 758,486 815,486 872,487 930,488 987,489 1044,491 1102,493 1159,495 1216,498 1274,501"/>
                <TextEquiv>
                    <Unicode>vn eu, que alli estaua, matauan o</Unicode>
                </TextEquiv>
            </TextLine>
            <TextLine id="r1l5" custom="readingOrder {index:4;}">
                <Coords points="115,582 309,619 458,576 572,629 754,567 1260,601 1261,511 1200,498 116,515"/>
                <Baseline points="122,572 178,572 235,572 291,572 348,572 404,572 461,572 517,572 574,572 630,572 687,572 744,573 800,573 857,574 913,575 970,576 1026,579 1083,582 1139,584 1196,587 1253,593"/>
                <TextEquiv>
                    <Unicode>tros captiuos, y luego corriendo se</Unicode>
                </TextEquiv>
            </TextLine>
            <TextLine id="r1l6" custom="readingOrder {index:5;}">
                <Coords points="106,695 753,700 845,667 1156,714 1285,689 1286,611 979,622 908,589 852,619 749,568 572,627 479,587 391,638 337,601 107,595"/>
                <Baseline points="114,665 172,665 230,664 288,663 346,663 404,663 462,662 521,662 579,662 637,662 695,662 753,663 811,663 869,663 928,665 986,666 1044,668 1102,669 1160,672 1218,675 1277,678"/>
                <TextEquiv>
                    <Unicode>partian, hazia chapultepec, y pa</Unicode>
                </TextEquiv>
            </TextLine>
            <TextLine id="r1l7" custom="readingOrder {index:6;}">
                <Coords points="100,811 313,774 396,805 491,749 682,752 855,812 1244,799 1244,714 1107,686 100,699"/>
                <Baseline points="108,755 164,755 220,753 277,753 333,753 390,753 446,753 502,753 559,753 615,753 672,753 728,753 784,753 841,754 897,755 954,756 1010,756 1066,758 1123,759 1179,761 1236,762"/>
                <TextEquiv>
                    <Unicode>ssauan por delante del cerro, de</Unicode>
                </TextEquiv>
            </TextLine>
            <TextLine id="r1l8" custom="readingOrder {index:7;}">
                <Coords points="106,908 219,917 282,868 360,896 422,857 615,937 792,869 997,855 1277,932 1289,811 754,778 565,814 107,801"/>
                <Baseline points="114,848 172,852 230,854 288,855 347,857 405,858 463,858 522,858 580,858 638,858 697,858 755,858 813,858 871,858 930,858 988,860 1046,861 1105,863 1163,866 1221,868 1280,873"/>
                <TextEquiv>
                    <Unicode>chapultepec, y passauan vn rioq̄</Unicode>
                </TextEquiv>
            </TextLine>
            <TextLine id="r1l9" custom="readingOrder {index:8;}">
                <Coords points="97,970 209,968 280,1033 442,969 625,1010 664,971 1012,962 1151,1016 1276,978 1276,925 998,855 614,938 519,887 446,928 97,925"/>
                <Baseline points="105,959 163,962 221,963 279,965 337,966 396,966 454,965 512,965 570,963 628,963 687,962 745,960 803,960 861,959 919,959 978,959 1036,959 1094,959 1152,961 1210,963 1269,966"/>
                <TextEquiv>
                    <Unicode>corre por alli, que llaman Izquj</Unicode>
                </TextEquiv>
            </TextLine>
            <TextLine id="r1l10" custom="readingOrder {index:9;}">
                <Coords points="113,1083 550,1060 763,1074 852,1121 924,1071 1278,1085 1278,996 1207,982 1145,1018 982,961 742,969 520,1017 443,969 308,1043 210,968 113,968"/>
                <Baseline points="120,1070 177,1068 235,1067 292,1065 350,1065 407,1064 465,1064 522,1064 580,1064 637,1064 695,1064 753,1064 810,1065 868,1065 925,1067 983,1068 1040,1068 1098,1070 1155,1071 1213,1073 1271,1073"/>
                <TextEquiv>
                    <Unicode>tlan, delante del cu, que alli esta</Unicode>
                </TextEquiv>
            </TextLine>
            <TextLine id="r1l11" custom="readingOrder {index:10;}">
                <Coords points="101,1200 518,1165 1270,1189 1288,1102 380,1117 100,1073"/>
                <Baseline points="108,1176 166,1171 225,1167 283,1164 342,1163 401,1161 459,1160 518,1160 577,1160 635,1161 694,1161 753,1163 811,1164 870,1164 929,1166 987,1166 1046,1167 1105,1166 1163,1166 1222,1164 1281,1163"/>
                <TextEquiv>
                    <Unicode>ua, matauan otros captiuos: alos</Unicode>
                </TextEquiv>
            </TextLine>
            <TextLine id="r1l12" custom="readingOrder {index:11;}">
                <Coords points="94,1321 153,1280 511,1296 591,1253 650,1293 697,1258 966,1306 1045,1263 1110,1310 1262,1316 1297,1184 1120,1226 444,1178 384,1211 299,1169 94,1207"/>
                <Baseline points="101,1277 160,1270 219,1266 279,1261 338,1257 398,1256 457,1254 517,1253 576,1253 636,1254 695,1254 754,1256 814,1257 873,1259 933,1260 992,1261 1052,1262 1111,1263 1171,1263 1230,1262 1290,1260"/>
                <TextEquiv>
                    <Unicode>quales llamauan izqujteca: dalli</Unicode>
                </TextEquiv>
            </TextLine>
            <TextLine id="r1l13" custom="readingOrder {index:12;}">
                <Coords points="72,1422 540,1368 696,1397 826,1355 1112,1365 1177,1405 1267,1366 1267,1317 735,1317 672,1280 599,1330 534,1288 368,1285 72,1321"/>
                <Baseline points="80,1373 142,1369 204,1365 266,1362 328,1361 390,1359 452,1358 514,1358 576,1356 638,1356 700,1358 762,1358 824,1358 886,1359 948,1359 1010,1361 1072,1362 1134,1362 1196,1364 1259,1364"/>
                <TextEquiv>
                    <Unicode>yuan derechos, hazia coiooacan, y</Unicode>
                </TextEquiv>
            </TextLine>
            <TextLine id="r1l14" custom="readingOrder {index:13;}">
                <Coords points="78,1484 207,1512 268,1457 864,1444 1003,1503 1063,1467 1263,1469 1263,1413 1042,1419 847,1356 772,1420 622,1424 552,1367 492,1411 78,1420"/>
                <Baseline points="86,1469 144,1464 203,1461 261,1457 320,1455 378,1454 437,1452 495,1452 554,1452 612,1452 671,1452 729,1454 788,1454 846,1454 905,1455 963,1455 1022,1455 1080,1455 1139,1455 1197,1455 1256,1454"/>
                <TextEquiv>
                    <Unicode>llegauan alli, a vnluoar que se</Unicode>
                </TextEquiv>
            </TextLine>
            <TextLine id="r1l15" custom="readingOrder {index:14;}">
                <Coords points="83,1571 338,1562 418,1603 470,1560 737,1589 1041,1549 1183,1580 1281,1551 1281,1475 1064,1466 1001,1503 924,1468 847,1510 777,1457 458,1457 357,1509 82,1518"/>
                <Baseline points="90,1565 149,1560 208,1557 267,1554 326,1551 386,1550 445,1550 504,1548 563,1548 622,1548 682,1550 741,1550 800,1550 859,1551 918,1551 978,1551 1037,1551 1096,1551 1155,1551 1214,1550 1274,1548"/>
                <TextEquiv>
                    <Unicode>llama tepetocan, junto alas casas</Unicode>
                </TextEquiv>
            </TextLine>
            <TextLine id="r1l16" custom="readingOrder {index:15;}">
                <Coords points="88,1664 470,1649 542,1686 704,1645 784,1681 842,1645 1199,1682 1300,1648 1299,1565 1264,1561 619,1562 355,1604 87,1571"/>
                <Baseline points="96,1656 155,1654 215,1651 275,1649 335,1646 395,1645 454,1643 514,1643 574,1641 634,1641 694,1640 753,1640 813,1638 873,1638 933,1638 993,1637 1052,1637 1112,1637 1172,1635 1232,1635 1292,1634"/>
                <TextEquiv>
                    <Unicode>de corooacan: y dalli yuan derechos</Unicode>
                </TextEquiv>
            </TextLine>
            <TextLine id="r1l17" custom="readingOrder {index:16;}">
                <Coords points="82,1775 727,1784 806,1743 903,1788 1104,1788 1159,1743 1282,1765 1281,1667 1201,1705 1109,1667 793,1704 707,1665 499,1709 426,1668 298,1709 81,1681"/>
                <Baseline points="89,1754 148,1752 207,1751 266,1751 326,1749 385,1748 444,1746 504,1746 563,1745 622,1743 682,1743 741,1742 800,1742 859,1742 919,1742 978,1742 1037,1742 1097,1743 1156,1745 1215,1747 1275,1749"/>
                <TextEquiv>
                    <Unicode>a macatlan, que es cerca de la yole</Unicode>
                </TextEquiv>
            </TextLine>
            <TextLine id="r1l18" custom="readingOrder {index:17;}">
                <Coords points="79,1851 235,1879 883,1829 1264,1862 1264,1794 1179,1742 1087,1788 805,1743 673,1792 511,1756 434,1799 278,1755 151,1800 79,1780"/>
                <Baseline points="87,1847 145,1845 203,1845 262,1844 320,1841 379,1839 437,1838 496,1835 554,1833 613,1832 671,1830 729,1829 788,1827 846,1827 905,1827 963,1829 1022,1830 1080,1833 1139,1837 1197,1842 1256,1847"/>
                <TextEquiv>
                    <Unicode>sia de sancto mathias yztacalco,</Unicode>
                </TextEquiv>
            </TextLine>
            <TextLine id="r1l19" custom="readingOrder {index:18;}">
                <Coords points="77,1974 126,1938 306,1939 456,1979 508,1934 810,1915 1086,1964 1261,1924 1260,1869 657,1830 522,1892 388,1843 330,1893 215,1859 75,1885"/>
                <Baseline points="83,1943 141,1941 200,1939 258,1937 317,1934 375,1931 434,1929 492,1926 551,1924 609,1922 668,1919 726,1917 785,1916 843,1916 902,1914 960,1914 1019,1916 1077,1917 1136,1919 1194,1922 1253,1925"/>
                <TextEquiv>
                    <Unicode>y dalli bolujan avn lugar, que</Unicode>
                </TextEquiv>
            </TextLine>
            <TextLine id="r1l20" custom="readingOrder {index:19;}">
                <Coords points="77,2054 815,2009 898,2057 1025,2019 1234,2043 1270,2039 1269,1969 905,1974 731,1928 512,1934 460,1978 128,1938 75,1975"/>
                <Baseline points="84,2043 146,2039 208,2034 270,2030 332,2026 394,2022 456,2019 518,2015 580,2013 642,2010 704,2009 766,2009 828,2007 890,2007 952,2007 1014,2007 1076,2009 1138,2010 1200,2013 1263,2015"/>
                <TextEquiv>
                    <Unicode>se llama acachinanco, que es cer</Unicode>
                </TextEquiv>
            </TextLine>
            <TextLine id="r1l21" custom="readingOrder {index:20;}">
                <Coords points="76,2158 402,2115 765,2138 883,2099 1237,2165 1278,2152 1275,2055 1023,2027 898,2057 847,2017 741,2059 666,2022 572,2072 316,2046 73,2084"/>
                <Baseline points="83,2138 142,2132 201,2126 260,2122 320,2118 379,2114 438,2110 497,2108 557,2104 616,2102 675,2100 734,2098 794,2097 853,2096 912,2096 971,2096 1031,2096 1090,2096 1149,2097 1208,2097 1268,2099"/>
                <TextEquiv>
                    <Unicode>ca de las casas de Auarado: entre</Unicode>
                </TextEquiv>
            </TextLine>
            <TextLine id="r1l22" custom="readingOrder {index:21;}">
                <Coords points="75,2245 659,2247 736,2197 870,2231 937,2190 1169,2200 1229,2162 1122,2127 950,2149 845,2100 742,2159 559,2124 298,2184 229,2151 72,2172"/>
                <Baseline points="83,2231 140,2227 197,2224 254,2220 311,2218 368,2214 425,2210 482,2207 539,2204 596,2201 653,2198 710,2196 767,2193 824,2192 881,2190 938,2189 995,2187 1052,2187 1109,2187 1166,2189 1223,2190"/>
                <TextEquiv>
                    <Unicode>tanto que se hazia, esta procesion</Unicode>
                </TextEquiv>
            </TextLine>
            <TextLine id="r1l23" custom="readingOrder {index:22;}">
                <Coords points="65,2355 197,2369 257,2323 441,2305 1182,2301 1264,2277 1261,2200 960,2203 886,2251 61,2266"/>
                <Baseline points="72,2327 131,2322 190,2318 249,2315 308,2311 368,2307 427,2305 486,2301 545,2298 604,2296 664,2292 723,2290 782,2288 841,2285 900,2283 960,2282 1019,2279 1078,2277 1137,2276 1196,2274 1256,2273"/>
                <TextEquiv>
                    <Unicode>hazian vna escaramuca los escla</Unicode>
                </TextEquiv>
            </TextLine>
            <TextLine id="r1l24" custom="readingOrder {index:23;}">
                <Coords points="76,2426 192,2453 595,2396 1255,2386 1251,2302 1206,2299 899,2340 524,2304 393,2380 73,2361"/>
                <Baseline points="83,2417 141,2413 199,2411 257,2408 315,2405 374,2402 432,2399 490,2396 548,2393 606,2391 665,2388 723,2387 781,2384 839,2381 897,2379 956,2376 1014,2373 1072,2370 1130,2369 1188,2365 1247,2363"/>
                <TextEquiv>
                    <Unicode>uos, que aujan de morir, vn vā</Unicode>
                </TextEquiv>
            </TextLine>
            <TextLine id="r1l25" custom="readingOrder {index:24;}">
                <Coords points="70,2521 336,2487 712,2513 809,2473 1134,2524 1240,2486 1236,2384 795,2440 684,2408 217,2452 66,2425"/>
                <Baseline points="77,2504 134,2499 192,2495 250,2491 308,2489 365,2486 423,2483 481,2481 539,2480 596,2478 654,2477 712,2476 770,2474 827,2472 885,2471 943,2469 1001,2465 1058,2462 1116,2458 1174,2453 1232,2448"/>
                <TextEquiv>
                    <Unicode>do eran de vitznaoa, y de otro vā</Unicode>
                </TextEquiv>
            </TextLine>
            <TextLine id="r1l26" custom="readingOrder {index:25;}">
                <Coords points="62,2618 487,2621 563,2583 667,2632 1243,2567 1241,2504 1198,2491 556,2535 480,2490 422,2529 60,2543"/>
                <Baseline points="69,2597 127,2592 185,2589 243,2586 302,2583 360,2580 418,2579 477,2577 535,2576 593,2574 652,2573 710,2573 768,2571 826,2571 885,2570 943,2568 1001,2568 1060,2567 1118,2565 1176,2562 1235,2561"/>
                <TextEquiv>
                    <Unicode>do, otros esclauos: y de la parte de</Unicode>
                </TextEquiv>
            </TextLine>
            <TextLine id="r1l27" custom="readingOrder {index:26;}">
                <Coords points="61,2712 228,2739 396,2676 1188,2687 1229,2678 1227,2595 1113,2561 915,2634 838,2593 782,2640 560,2610 397,2656 326,2624 59,2643"/>
                <Baseline points="68,2694 125,2691 183,2688 240,2685 298,2683 356,2681 413,2679 471,2678 528,2676 586,2675 644,2674 701,2673 759,2672 816,2672 874,2670 932,2670 989,2669 1047,2668 1104,2667 1162,2666 1220,2664"/>
                <TextEquiv>
                    <Unicode>vitznaoa, aiudauan los soldados,</Unicode>
                </TextEquiv>
            </TextLine>
            <TextLine id="r1l28" custom="readingOrder {index:27;}">
                <Coords points="57,2815 435,2772 1166,2781 1224,2757 1223,2716 770,2678 507,2751 398,2720 55,2742"/>
                <Baseline points="65,2802 122,2796 180,2789 237,2784 295,2779 353,2776 410,2772 468,2771 525,2769 583,2768 641,2768 698,2766 756,2766 813,2766 871,2765 929,2765 986,2764 1044,2763 1101,2762 1159,2759 1217,2757"/>
                <TextEquiv>
                    <Unicode>de vitznaoa: aestos daua el señor</Unicode>
                </TextEquiv>
            </TextLine>
            <TextLine id="r1l29" custom="readingOrder {index:28;}">
                <Coords points="57,2930 320,2872 578,2904 700,2837 789,2889 978,2853 1065,2897 1218,2884 1280,2862 1278,2806 1063,2771 490,2816 316,2780 243,2837 183,2814 55,2871"/>
                <Baseline points="63,2898 123,2891 183,2885 244,2880 304,2875 365,2871 425,2868 485,2865 546,2864 606,2862 667,2861 727,2859 787,2859 848,2858 908,2856 969,2855 1029,2853 1089,2852 1150,2849 1210,2846 1271,2843"/>
                <TextEquiv>
                    <Unicode>jubones amarillos, y rodelas pinta</Unicode>
                </TextEquiv>
            </TextLine>
            <TextLine id="r1l30" custom="readingOrder {index:29;}">
                <Coords points="58,2996 442,2971 618,3014 908,2923 1257,2986 1252,2885 1064,2897 977,2857 878,2901 704,2869 627,2911 120,2896 55,2931"/>
                <Baseline points="65,2987 124,2983 183,2979 242,2975 301,2971 360,2969 419,2966 478,2962 537,2959 596,2957 656,2954 715,2951 774,2948 833,2946 892,2944 951,2942 1010,2939 1069,2937 1128,2936 1187,2934 1247,2931"/>
                <TextEquiv>
                    <Unicode>das, de vnas esferulas blancas y</Unicode>
                </TextEquiv>
            </TextLine>
            <TextLine id="r1l31" custom="readingOrder {index:30;}">
                <Coords points="73,3157 195,3104 501,3116 560,3069 1258,3028 1256,2987 886,2973 773,3005 699,2968 619,3015 68,3038"/>
                <Baseline points="77,3083 135,3079 194,3075 252,3072 311,3068 370,3065 428,3062 487,3060 546,3059 604,3056 663,3054 722,3051 780,3048 839,3047 898,3044 956,3041 1015,3038 1074,3035 1132,3032 1191,3027 1250,3021"/>
                <TextEquiv>
                    <Unicode>negras, entrepuestas las vnas, a</Unicode>
                </TextEquiv>
            </TextLine>
            <TextLine id="r1l32" custom="readingOrder {index:31;}">
                <Coords points="58,3192 1114,3155 1228,3136 1245,3087 791,3049 641,3120 544,3080 408,3132 255,3101 57,3145"/>
                <Baseline points="66,3177 124,3173 183,3168 241,3165 300,3162 359,3159 417,3158 476,3156 534,3155 593,3154 652,3153 710,3152 769,3150 827,3149 886,3147 945,3144 1003,3140 1062,3137 1120,3132 1179,3126 1238,3119"/>
                <TextEquiv>
                    <Unicode>las otras: estos soldados, lleuauā</Unicode>
                </TextEquiv>
            </TextLine>
            <TextLine id="r1l33" custom="readingOrder {index:32;}">
                <Coords points="56,3308 389,3261 605,3256 678,3300 771,3256 1245,3254 1245,3146 928,3185 375,3169 53,3222"/>
                <Baseline points="63,3270 121,3267 180,3264 239,3261 298,3258 357,3257 416,3254 475,3252 534,3251 593,3248 652,3246 710,3245 769,3243 828,3242 887,3239 946,3237 1005,3235 1064,3231 1123,3228 1182,3225 1241,3221"/>
                <TextEquiv>
                    <Unicode>por espadas, vnos garrotes depino,</Unicode>
                </TextEquiv>
            </TextLine>
            <TextLine id="r1l34" custom="readingOrder {index:33;}">
                <Coords points="53,3396 189,3360 928,3381 1253,3341 1251,3268 992,3256 648,3306 97,3278 50,3314"/>
                <Baseline points="59,3359 118,3357 177,3356 236,3354 296,3352 355,3351 414,3350 473,3348 533,3347 592,3345 651,3344 710,3342 770,3339 829,3337 888,3335 947,3333 1007,3329 1066,3326 1125,3323 1184,3318 1244,3314"/>
                <TextEquiv>
                    <Unicode>y vnos dardos, conque peleauan,</Unicode>
                </TextEquiv>
            </TextLine>
            <TextLine id="r1l35" custom="readingOrder {index:34;}">
                <Coords points="49,3479 374,3441 454,3482 620,3477 693,3437 965,3429 1140,3459 1261,3407 1250,3346 684,3391 608,3361 490,3404 109,3368 47,3402"/>
                <Baseline points="56,3446 115,3443 175,3441 235,3439 295,3438 355,3437 415,3435 474,3435 534,3434 594,3434 654,3432 714,3431 774,3430 834,3428 893,3426 953,3424 1013,3420 1073,3416 1133,3413 1193,3407 1253,3401"/>
                <TextEquiv>
                    <Unicode>ytirauan: y los esclauos tirauan</Unicode>
                </TextEquiv>
            </TextLine>
            <TextLine id="r1l36" custom="readingOrder {index:35;}">
                <Coords points="54,3562 387,3521 547,3580 778,3520 1043,3536 1270,3499 1268,3428 683,3487 368,3452 290,3490 51,3480"/>
                <Baseline points="60,3533 120,3530 180,3527 240,3525 300,3525 360,3524 420,3524 480,3524 540,3524 600,3524 661,3524 721,3522 781,3521 841,3519 901,3517 961,3514 1021,3511 1081,3506 1141,3499 1201,3492 1262,3483"/>
                <TextEquiv>
                    <Unicode>saetas de caxqujllos de pedernal:</Unicode>
                </TextEquiv>
            </TextLine>
            <TextLine id="r1l37" custom="readingOrder {index:36;}">
                <Coords points="58,3639 1089,3628 1270,3595 1268,3518 834,3530 758,3567 709,3534 547,3579 191,3542 57,3587"/>
                <Baseline points="65,3623 124,3619 184,3615 244,3613 304,3612 364,3611 424,3611 483,3611 543,3611 603,3611 663,3611 723,3611 783,3611 843,3609 902,3609 962,3606 1022,3604 1082,3599 1142,3595 1202,3588 1262,3579"/>
                <TextEquiv>
                    <Unicode>matauanse vnos aotros, enesta es</Unicode>
                </TextEquiv>
            </TextLine>
            <TextLine id="r1l38" custom="readingOrder {index:37;}">
                <Coords points="49,3732 331,3697 454,3740 555,3702 628,3742 834,3700 1030,3726 1242,3688 1241,3618 793,3666 581,3626 48,3652"/>
                <Baseline points="56,3707 118,3702 180,3698 242,3696 304,3695 366,3695 428,3695 490,3695 552,3695 614,3696 676,3697 738,3698 800,3698 862,3697 924,3696 986,3693 1048,3690 1110,3683 1172,3678 1235,3669"/>
                <TextEquiv>
                    <Unicode>caramuca: y los que captiuauan</Unicode>
                </TextEquiv>
            </TextLine>
            <TextLine id="r1l39" custom="readingOrder {index:38;}">
                <Coords points="64,3800 1226,3768 1225,3714 1058,3736 841,3699 715,3751 554,3719 481,3764 403,3725 63,3734"/>
                <Baseline points="72,3788 129,3786 186,3783 243,3783 301,3782 358,3782 415,3782 473,3782 530,3783 587,3783 645,3783 702,3783 759,3783 816,3783 874,3781 931,3779 988,3776 1046,3771 1103,3767 1160,3761 1218,3753"/>
                <TextEquiv>
                    <Unicode>los esclauos, de los soldados, tam</Unicode>
                </TextEquiv>
            </TextLine>
            <TextLine id="r1l40" custom="readingOrder {index:39;}">
                <Coords points="58,3874 1245,3870 1244,3780 1197,3758 1014,3814 884,3781 714,3825 284,3786 58,3814"/>
                <Baseline points="66,3861 124,3857 183,3853 241,3852 300,3851 358,3851 417,3851 475,3852 534,3852 592,3854 651,3855 709,3857 768,3857 826,3857 885,3857 943,3855 1002,3853 1060,3849 1119,3843 1177,3837 1236,3828"/>
                <TextEquiv>
                    <Unicode>bien los matauan, echauan alos.</Unicode>
                </TextEquiv>
            </TextLine>
            <TextEquiv>
                <Unicode>L.ibro. E.
se llama popotlan, adonde esta la ygle
sia, de sanet esteuan, y delante de
vn eu, que alli estaua, matauan o
tros captiuos, y luego corriendo se
partian, hazia chapultepec, y pa
ssauan por delante del cerro, de
chapultepec, y passauan vn rioq̄
corre por alli, que llaman Izquj
tlan, delante del cu, que alli esta
ua, matauan otros captiuos: alos
quales llamauan izqujteca: dalli
yuan derechos, hazia coiooacan, y
llegauan alli, a vnluoar que se
llama tepetocan, junto alas casas
de corooacan: y dalli yuan derechos
a macatlan, que es cerca de la yole
sia de sancto mathias yztacalco,
y dalli bolujan avn lugar, que
se llama acachinanco, que es cer
ca de las casas de Auarado: entre
tanto que se hazia, esta procesion
hazian vna escaramuca los escla
uos, que aujan de morir, vn vā
do eran de vitznaoa, y de otro vā
do, otros esclauos: y de la parte de
vitznaoa, aiudauan los soldados,
de vitznaoa: aestos daua el señor
jubones amarillos, y rodelas pinta
das, de vnas esferulas blancas y
negras, entrepuestas las vnas, a
las otras: estos soldados, lleuauā
por espadas, vnos garrotes depino,
y vnos dardos, conque peleauan,
ytirauan: y los esclauos tirauan
saetas de caxqujllos de pedernal:
matauanse vnos aotros, enesta es
caramuca: y los que captiuauan
los esclauos, de los soldados, tam
bien los matauan, echauan alos.</Unicode>
            </TextEquiv>
        </TextRegion>
        <TextRegion orientation="0.0" id="r2" custom="readingOrder {index:1;}">
            <Coords points="1337,86 1337,3871 2397,3871 2397,86"/>
            <TextLine id="r2l1" custom="readingOrder {index:0;}">
                <Coords points="1456,182 1742,151 1810,190 1923,197 1982,163 2179,200 2336,144 2335,66 2306,58 2177,84 2096,43 1986,39 1791,76 1673,24 1456,69"/>
                <Baseline points="1464,159 1507,155 1550,152 1593,150 1636,149 1680,147 1723,147 1766,147 1809,147 1852,149 1896,149 1939,150 1982,150 2025,151 2068,152 2112,152 2155,150 2198,150 2241,148 2284,145 2328,143"/>
                <TextEquiv>
                    <Unicode>de las cerimonjas.</Unicode>
                </TextEquiv>
            </TextLine>
            <TextLine id="r2l2" custom="readingOrder {index:1;}">
                <Coords points="1399,325 1556,345 1742,307 2190,370 2377,327 2377,217 2276,258 2113,226 2010,262 1881,265 1819,226 1727,256 1606,217 1399,244"/>
                <Baseline points="1407,324 1455,320 1503,317 1551,315 1599,314 1647,314 1695,314 1744,315 1792,317 1840,318 1888,320 1936,321 1984,323 2032,323 2081,323 2129,323 2177,321 2225,320 2273,316 2321,311 2370,305"/>
                <TextEquiv>
                    <Unicode>catl: mec vi, yn cāqujztujc</Unicode>
                </TextEquiv>
            </TextLine>
            <TextLine id="r2l3" custom="readingOrder {index:2;}">
                <Coords points="1388,493 2199,494 2387,414 2385,329 2210,407 1653,381 1386,419"/>
                <Baseline points="1395,462 1444,458 1493,455 1542,452 1591,450 1641,450 1690,450 1739,450 1788,451 1837,452 1887,453 1936,453 1985,453 2034,453 2083,452 2133,449 2182,446 2231,441 2280,436 2329,429 2379,419"/>
                <TextEquiv>
                    <Unicode>ça in tepetocan, iecoiooaca,</Unicode>
                </TextEquiv>
            </TextLine>
            <TextLine id="r2l4" custom="readingOrder {index:3;}">
                <Coords points="1382,577 2164,599 2361,560 2403,494 2312,465 2223,521 2081,485 1815,524 1381,489"/>
                <Baseline points="1389,567 1439,567 1489,567 1540,567 1590,568 1640,569 1691,570 1741,570 1791,572 1842,573 1892,573 1942,573 1993,573 2043,572 2093,570 2144,567 2194,564 2244,560 2295,554 2345,548 2396,539"/>
                <TextEquiv>
                    <Unicode>caltenco, mec oallamelaco,</Unicode>
                </TextEquiv>
            </TextLine>
            <TextLine id="r2l5" custom="readingOrder {index:4;}">
                <Coords points="1386,739 1797,753 1979,695 2335,676 2403,716 2400,530 2126,622 1708,587 1384,608"/>
                <Baseline points="1392,686 1442,686 1492,687 1542,689 1592,690 1642,692 1692,693 1742,694 1792,695 1842,696 1893,696 1943,696 1993,696 2043,695 2093,693 2143,690 2193,686 2243,681 2293,676 2343,668 2394,660"/>
                <TextEquiv>
                    <Unicode>maçatlan, vncā oallaçolos</Unicode>
                </TextEquiv>
            </TextLine>
            <TextLine id="r2l6" custom="readingOrder {index:5;}">
                <Coords points="1360,828 2273,844 2381,809 2380,717 2314,747 2031,712 1929,760 1595,739 1359,770"/>
                <Baseline points="1368,807 1418,806 1468,804 1518,803 1569,803 1619,803 1669,803 1719,804 1770,804 1820,804 1870,806 1920,806 1971,806 2021,804 2071,804 2121,802 2172,801 2222,797 2272,793 2322,788 2373,783"/>
                <TextEquiv>
                    <Unicode>njman ic quj oalmelaoa n</Unicode>
                </TextEquiv>
            </TextLine>
            <TextLine id="r2l7" custom="readingOrder {index:6;}">
                <Coords points="1385,936 2317,942 2401,904 2399,783 2257,859 2034,836 1739,871 1646,821 1383,854"/>
                <Baseline points="1392,912 1442,914 1492,915 1542,915 1592,917 1642,918 1692,920 1742,920 1792,921 1842,921 1892,921 1942,921 1992,921 2042,919 2092,917 2142,915 2192,911 2242,906 2292,901 2342,894 2393,887"/>
                <TextEquiv>
                    <Unicode>aca ctinan co. Auh in oaejs</Unicode>
                </TextEquiv>
            </TextLine>
            <TextLine id="r2l8" custom="readingOrder {index:7;}">
                <Coords points="1379,1047 1938,1071 2346,1022 2406,1050 2400,882 2304,954 2170,967 1375,949"/>
                <Baseline points="1386,1041 1436,1040 1487,1040 1537,1040 1588,1040 1638,1040 1689,1040 1739,1040 1790,1040 1840,1038 1891,1038 1941,1037 1992,1035 2042,1032 2093,1029 2143,1026 2194,1021 2244,1015 2295,1008 2345,999 2396,990"/>
                <TextEquiv>
                    <Unicode>acactinanco, njmā icmoca</Unicode>
                </TextEquiv>
            </TextLine>
            <TextLine id="r2l9" custom="readingOrder {index:8;}">
                <Coords points="1375,1206 1777,1225 1909,1209 1970,1151 2352,1105 2406,1137 2398,986 2219,1066 2032,1038 1946,1106 1792,1108 1705,1042 1610,1112 1370,1109"/>
                <Baseline points="1379,1157 1429,1157 1480,1155 1531,1154 1582,1154 1633,1153 1684,1152 1734,1151 1785,1151 1836,1149 1887,1148 1938,1146 1989,1143 2040,1140 2090,1136 2141,1132 2192,1127 2243,1120 2294,1114 2345,1105 2396,1095"/>
                <TextEquiv>
                    <Unicode>oa i tlaamavia: in iehos</Unicode>
                </TextEquiv>
            </TextLine>
            <TextLine id="r2l10" custom="readingOrder {index:9;}">
                <Coords points="1368,1317 1573,1341 1643,1311 2307,1307 2386,1280 2380,1166 1978,1235 1589,1205 1363,1230"/>
                <Baseline points="1374,1284 1424,1284 1474,1284 1524,1284 1574,1283 1624,1283 1674,1283 1724,1282 1774,1281 1824,1280 1875,1278 1925,1277 1975,1273 2025,1271 2075,1267 2125,1264 2175,1257 2225,1252 2275,1245 2325,1237 2376,1227"/>
                <TextEquiv>
                    <Unicode>tin tla amavia, iquac peoo,</Unicode>
                </TextEquiv>
            </TextLine>
            <TextLine id="r2l11" custom="readingOrder {index:10;}">
                <Coords points="1379,1425 1492,1450 1562,1416 1825,1444 2315,1417 2384,1379 2380,1285 2060,1343 1374,1330"/>
                <Baseline points="1385,1403 1434,1404 1484,1404 1533,1406 1583,1406 1632,1406 1682,1406 1731,1404 1781,1404 1830,1401 1880,1400 1930,1398 1979,1395 2029,1392 2078,1388 2128,1383 2177,1378 2227,1373 2276,1365 2326,1358 2376,1350"/>
                <TextEquiv>
                    <Unicode>mjquac, vmpeoa, vtlatoca</Unicode>
                </TextEquiv>
            </TextLine>
            <TextLine id="r2l12" custom="readingOrder {index:11;}">
                <Coords points="1367,1560 1438,1572 1528,1527 2035,1561 2113,1513 2341,1508 2384,1488 2382,1423 2226,1456 2167,1417 2112,1458 1956,1474 1684,1419 1615,1457 1363,1475"/>
                <Baseline points="1373,1526 1423,1526 1473,1524 1523,1524 1573,1524 1623,1524 1673,1523 1724,1523 1774,1523 1824,1521 1874,1520 1924,1518 1974,1517 2024,1514 2075,1511 2125,1506 2175,1501 2225,1496 2275,1488 2325,1481 2376,1472"/>
                <TextEquiv>
                    <Unicode>Paynal. Auh mjc tlaamo</Unicode>
                </TextEquiv>
            </TextLine>
            <TextLine id="r2l13" custom="readingOrder {index:12;}">
                <Coords points="1376,1663 1955,1665 2061,1635 2235,1666 2404,1590 2399,1484 2280,1543 2210,1517 2025,1564 1740,1552 1628,1585 1581,1554 1371,1557"/>
                <Baseline points="1383,1641 1433,1640 1484,1640 1534,1640 1585,1638 1636,1638 1686,1638 1737,1637 1788,1637 1838,1635 1889,1634 1940,1632 1990,1630 2041,1626 2092,1623 2142,1619 2193,1614 2244,1608 2294,1602 2345,1595 2396,1586"/>
                <TextEquiv>
                    <Unicode>viaia; in tlatlaaltilti, noj</Unicode>
                </TextEquiv>
            </TextLine>
            <TextLine id="r2l14" custom="readingOrder {index:13;}">
                <Coords points="1366,1828 1442,1795 1703,1820 1804,1752 2226,1774 2404,1700 2399,1590 2242,1668 1877,1657 1742,1717 1361,1728"/>
                <Baseline points="1371,1764 1422,1761 1473,1759 1524,1758 1576,1757 1627,1755 1678,1754 1730,1754 1781,1752 1832,1751 1884,1749 1935,1747 1986,1745 2037,1742 2089,1738 2140,1735 2191,1730 2243,1725 2294,1719 2345,1712 2397,1703"/>
                <TextEquiv>
                    <Unicode>qua manj: in vitznaoa, not</Unicode>
                </TextEquiv>
            </TextLine>
            <TextLine id="r2l15" custom="readingOrder {index:14;}">
                <Coords points="1358,1928 1631,1908 1859,1937 2000,1919 2067,1863 2245,1878 2358,1836 2354,1752 2256,1785 2039,1773 1974,1819 1354,1837"/>
                <Baseline points="1364,1886 1413,1883 1462,1881 1512,1878 1561,1877 1610,1875 1660,1872 1709,1871 1758,1869 1808,1868 1857,1866 1906,1865 1956,1863 2005,1860 2054,1859 2104,1856 2153,1852 2202,1849 2252,1845 2301,1841 2351,1836"/>
                <TextEquiv>
                    <Unicode>quamanj, qujmpaleviac,</Unicode>
                </TextEquiv>
            </TextLine>
            <TextLine id="r2l16" custom="readingOrder {index:15;}">
                <Coords points="1358,2051 1700,2008 2161,2056 2404,1941 2386,1879 2261,1937 1742,1917 1701,1946 1619,1916 1354,1950"/>
                <Baseline points="1364,2009 1415,2003 1467,1998 1518,1995 1570,1992 1622,1990 1673,1989 1725,1988 1776,1988 1828,1988 1880,1988 1931,1986 1983,1986 2034,1985 2086,1983 2138,1980 2189,1977 2241,1973 2292,1965 2344,1958 2396,1949"/>
                <TextEquiv>
                    <Unicode>qujntin tiacaoan: qujntic</Unicode>
                </TextEquiv>
            </TextLine>
            <TextLine id="r2l17" custom="readingOrder {index:16;}">
                <Coords points="1369,2141 1879,2117 1998,2155 2059,2119 2305,2119 2376,2098 2372,1989 2107,2063 1748,2017 1698,2062 1365,2053"/>
                <Baseline points="1376,2123 1425,2121 1475,2119 1524,2118 1574,2117 1623,2115 1673,2115 1722,2114 1772,2114 1821,2114 1871,2112 1921,2111 1970,2111 2020,2108 2069,2106 2119,2103 2168,2099 2218,2093 2267,2088 2317,2081 2367,2073"/>
                <TextEquiv>
                    <Unicode>caia in Motecuçoma ichio</Unicode>
                </TextEquiv>
            </TextLine>
            <TextLine id="r2l18" custom="readingOrder {index:17;}">
                <Coords points="1376,2266 1773,2241 1895,2270 2372,2199 2370,2133 2241,2121 2112,2167 1644,2131 1373,2163"/>
                <Baseline points="1383,2240 1432,2238 1481,2238 1530,2238 1579,2238 1628,2238 1677,2238 1726,2238 1775,2237 1824,2236 1873,2235 1922,2234 1971,2232 2020,2230 2069,2226 2118,2223 2167,2219 2216,2214 2265,2210 2314,2203 2364,2195"/>
                <TextEquiv>
                    <Unicode>vipilli, coztic; yo anchimo</Unicode>
                </TextEquiv>
            </TextLine>
            <TextLine id="r2l19" custom="readingOrder {index:18;}">
                <Coords points="1350,2395 1829,2410 1985,2321 2126,2373 2217,2340 2290,2378 2362,2329 2359,2240 2034,2284 1749,2250 1527,2315 1433,2267 1346,2300"/>
                <Baseline points="1356,2361 1408,2360 1461,2360 1513,2358 1566,2357 1618,2357 1671,2355 1724,2354 1776,2352 1829,2351 1881,2348 1934,2346 1986,2345 2039,2343 2092,2340 2144,2339 2197,2336 2249,2334 2302,2331 2355,2330"/>
                <TextEquiv>
                    <Unicode>li, cujtlachixxo: cano coqa</Unicode>
                </TextEquiv>
            </TextLine>
            <TextLine id="r2l20" custom="readingOrder {index:19;}">
                <Coords points="1367,2504 1813,2512 1865,2470 2158,2509 2353,2446 2351,2348 2243,2412 1365,2423"/>
                <Baseline points="1374,2478 1422,2477 1471,2474 1519,2472 1568,2471 1617,2469 1665,2469 1714,2468 1762,2468 1811,2468 1860,2466 1908,2466 1957,2465 2005,2465 2054,2463 2103,2462 2151,2460 2200,2459 2248,2456 2297,2453 2346,2450"/>
                <TextEquiv>
                    <Unicode>vitl, in immac oonoc. Auj</Unicode>
                </TextEquiv>
            </TextLine>
            <TextLine id="r2l21" custom="readingOrder {index:20;}">
                <Coords points="1354,2608 1989,2619 2348,2577 2346,2515 2241,2530 2191,2488 2014,2538 1352,2534"/>
                <Baseline points="1362,2597 1410,2595 1459,2594 1508,2592 1557,2591 1606,2591 1655,2589 1704,2588 1753,2586 1802,2586 1851,2585 1899,2583 1948,2582 1997,2580 2046,2579 2095,2577 2144,2575 2193,2573 2242,2571 2291,2569 2340,2567"/>
                <TextEquiv>
                    <Unicode>mvitznaoa qujmpalevigo</Unicode>
                </TextEquiv>
            </TextLine>
            <TextLine id="r2l22" custom="readingOrder {index:21;}">
                <Coords points="1345,2719 1486,2745 1573,2705 1662,2731 1828,2694 1930,2733 1975,2708 2069,2730 2339,2684 2337,2625 2193,2643 2136,2611 1550,2650 1437,2628 1344,2665"/>
                <Baseline points="1352,2709 1403,2709 1455,2709 1506,2708 1558,2708 1609,2708 1661,2706 1712,2706 1764,2705 1815,2705 1867,2703 1918,2703 1970,2702 2021,2700 2073,2699 2124,2697 2176,2695 2227,2693 2279,2690 2331,2688"/>
                <TextEquiv>
                    <Unicode>tlatzontectli mje tlaiecooi</Unicode>
                </TextEquiv>
            </TextLine>
            <TextLine id="r2l23" custom="readingOrder {index:22;}">
                <Coords points="1342,2875 1515,2831 1661,2882 1887,2826 2341,2817 2339,2703 2041,2761 1929,2733 1859,2786 1563,2743 1509,2778 1340,2777"/>
                <Baseline points="1349,2831 1398,2828 1447,2826 1496,2825 1546,2823 1595,2822 1644,2822 1693,2822 1743,2822 1792,2822 1841,2822 1890,2822 1940,2822 1989,2820 2038,2819 2087,2817 2137,2816 2186,2813 2235,2809 2284,2805 2334,2799"/>
                <TextEquiv>
                    <Unicode>qujtlaça: auh intlaaltili</Unicode>
                </TextEquiv>
            </TextLine>
            <TextLine id="r2l24" custom="readingOrder {index:23;}">
                <Coords points="1341,2996 1500,2948 1630,2959 1713,3018 1885,2964 1962,3000 2348,2968 2347,2869 2247,2854 2054,2905 1770,2862 1696,2902 1504,2874 1341,2907"/>
                <Baseline points="1349,2949 1398,2946 1448,2945 1497,2945 1547,2945 1596,2945 1646,2945 1695,2946 1745,2948 1794,2949 1844,2949 1894,2951 1943,2951 1993,2951 2042,2951 2092,2949 2141,2946 2191,2944 2240,2939 2290,2933 2340,2927"/>
                <TextEquiv>
                    <Unicode>qujnnamjquj, çantotomj</Unicode>
                </TextEquiv>
            </TextLine>
            <TextLine id="r2l25" custom="readingOrder {index:24;}">
                <Coords points="1344,3094 1456,3133 1679,3081 2234,3104 2383,3049 2384,2928 2246,3034 1344,2997"/>
                <Baseline points="1352,3068 1403,3066 1454,3068 1505,3069 1556,3071 1608,3072 1659,3075 1710,3077 1761,3080 1812,3081 1864,3083 1915,3084 1966,3086 2017,3084 2068,3084 2120,3081 2171,3078 2222,3073 2273,3067 2324,3059 2376,3048"/>
                <TextEquiv>
                    <Unicode>in qujtlaca, iacatecpaio. </Unicode>
                </TextEquiv>
            </TextLine>
            <TextLine id="r2l26" custom="readingOrder {index:25;}">
                <Coords points="1341,3230 2289,3225 2381,3194 2380,3061 2258,3133 2058,3111 1929,3170 1744,3173 1664,3119 1549,3159 1341,3153"/>
                <Baseline points="1349,3195 1400,3198 1451,3200 1502,3203 1553,3204 1605,3207 1656,3209 1707,3210 1758,3212 1809,3213 1861,3213 1912,3213 1963,3213 2014,3212 2065,3210 2117,3207 2168,3204 2219,3199 2270,3194 2321,3188 2373,3180"/>
                <TextEquiv>
                    <Unicode>iauiotl m muchioaia: o</Unicode>
                </TextEquiv>
            </TextLine>
            <TextLine id="r2l27" custom="readingOrder {index:26;}">
                <Coords points="1342,3349 1546,3330 1854,3389 1960,3343 2075,3391 2178,3382 2375,3319 2375,3230 2200,3282 2088,3237 2005,3292 1792,3262 1730,3299 1341,3252"/>
                <Baseline points="1349,3308 1399,3314 1450,3318 1501,3322 1552,3326 1603,3329 1654,3333 1705,3335 1756,3336 1807,3337 1858,3338 1908,3338 1959,3336 2010,3335 2061,3332 2112,3329 2163,3324 2214,3320 2265,3315 2316,3308 2367,3300"/>
                <TextEquiv>
                    <Unicode>mjeoaia. Auh in tlapaleyā</Unicode>
                </TextEquiv>
            </TextLine>
            <TextLine id="r2l28" custom="readingOrder {index:27;}">
                <Coords points="1332,3455 1428,3495 1477,3470 1621,3499 1695,3465 2100,3485 2366,3437 2365,3372 2324,3368 1959,3416 1806,3375 1687,3407 1390,3362 1332,3390"/>
                <Baseline points="1340,3434 1390,3440 1441,3444 1492,3448 1543,3452 1594,3454 1645,3456 1696,3458 1747,3459 1798,3459 1849,3459 1899,3459 1950,3458 2001,3456 2052,3453 2103,3450 2154,3446 2205,3443 2256,3438 2307,3432 2358,3426"/>
                <TextEquiv>
                    <Unicode>in qujmpalevca vitznaoa</Unicode>
                </TextEquiv>
            </TextLine>
            <TextLine id="r2l29" custom="readingOrder {index:28;}">
                <Coords points="1330,3579 1675,3607 2128,3580 2201,3612 2384,3566 2382,3474 2087,3524 1983,3479 1836,3520 1477,3470 1329,3513"/>
                <Baseline points="1337,3558 1391,3563 1446,3567 1501,3570 1555,3573 1610,3576 1665,3578 1719,3579 1774,3579 1829,3579 1883,3579 1938,3578 1993,3576 2047,3573 2102,3571 2157,3567 2211,3563 2266,3557 2321,3550 2376,3543"/>
                <TextEquiv>
                    <Unicode>itlace axioacā, no mjqujz:</Unicode>
                </TextEquiv>
            </TextLine>
            <TextLine id="r2l30" custom="readingOrder {index:29;}">
                <Coords points="1331,3680 1740,3768 2203,3751 2364,3714 2364,3578 2112,3627 2044,3605 1950,3654 1619,3658 1484,3602 1433,3637 1330,3625"/>
                <Baseline points="1338,3675 1391,3683 1445,3689 1498,3694 1552,3698 1606,3701 1659,3704 1713,3705 1767,3705 1820,3705 1874,3705 1927,3704 1981,3702 2035,3700 2088,3697 2142,3694 2196,3690 2249,3687 2303,3682 2357,3677"/>
                <TextEquiv>
                    <Unicode>deliioma qujmjctia intla</Unicode>
                </TextEquiv>
            </TextLine>
            <TextLine id="r2l31" custom="readingOrder {index:30;}">
                <Coords points="1330,3825 1589,3872 1756,3839 1865,3882 2356,3831 2330,3732 2099,3787 1854,3755 1661,3802 1462,3736 1329,3745"/>
                <Baseline points="1337,3815 1387,3821 1438,3826 1488,3830 1539,3834 1589,3837 1640,3839 1690,3842 1741,3843 1791,3843 1842,3843 1893,3842 1943,3840 1994,3839 2044,3836 2095,3833 2145,3828 2196,3824 2246,3820 2297,3814 2348,3807"/>
                <TextEquiv>
                    <Unicode>altilti, çan teponaztli mnj</Unicode>
                </TextEquiv>
            </TextLine>
            <TextEquiv>
                <Unicode>de las cerimonjas.
catl: mec vi, yn cāqujztujc
ça in tepetocan, iecoiooaca,
caltenco, mec oallamelaco,
maçatlan, vncā oallaçolos
njman ic quj oalmelaoa n
aca ctinan co. Auh in oaejs
acactinanco, njmā icmoca
oa i tlaamavia: in iehos
tin tla amavia, iquac peoo,
mjquac, vmpeoa, vtlatoca
Paynal. Auh mjc tlaamo
viaia; in tlatlaaltilti, noj
qua manj: in vitznaoa, not
quamanj, qujmpaleviac,
qujntin tiacaoan: qujntic
caia in Motecuçoma ichio
vipilli, coztic; yo anchimo
li, cujtlachixxo: cano coqa
vitl, in immac oonoc. Auj
mvitznaoa qujmpalevigo
tlatzontectli mje tlaiecooi
qujtlaça: auh intlaaltili
qujnnamjquj, çantotomj
in qujtlaca, iacatecpaio. 
iauiotl m muchioaia: o
mjeoaia. Auh in tlapaleyā
in qujmpalevca vitznaoa
itlace axioacā, no mjqujz:
deliioma qujmjctia intla
altilti, çan teponaztli mnj</Unicode>
            </TextEquiv>
        </TextRegion>
    </Page>
</PcGts>
