2720 4300
1071 36 1626 222 ribro qujnto,
74 198 1330 362 por encima de los que estauan dox
1447 190 2688 379 çamac: çan tlamach contlalcavia,
61 309 1320 530 mjendo, todo espantado, y espauo
1451 350 2653 529 ixpampa ieoa: aocmo qujoalittazne
69 425 267 534 rido.
1435 468 2679 649 quj, momauhcatlaloa: in juhmoma
1423 628 2699 816 ti, ie omma aca ie qujcujtiuetziz: ino
1438 763 2657 925 quenteltzin acito ichan, motlaloti
1424 902 2660 1094 calaquj, qujpetlaticalaquj in jtla
1419 1072 2684 1273 tzacujl: tepan manenenticalaquj:
1425 1223 2642 1399 tepan mamaçouhtiuetzi, in vncan
1425 1359 1733 1482 cochioa.
56 1438 1309 1625 Capitulo doze, que trata de
1425 1459 2661 1677 Tc matlactli omome capitulo,
57 1598 1281 1784 vnas fantasmas: que aparecen
1441 1641 2648 1837 vncan mjtoa: in occentlamantli
51 1717 1307 1898 de noche, que llaman tlacanex
1412 1778 2657 2010 tetzaujtl catca: in jtoca catça: tla
33 1847 395 2064 qujmilli:
1407 1954 2003 2123 canexqujmilli:
50 2152 1346 2361 Quando de noche, via alguno vnas
1416 2152 2669 2455 No yoan, tetraujtl cacar telce
52 2304 1287 2440 tantasmas: que nj tienen pies, nj ca
29 2415 1301 2529 beça: las quales andan rodando por
1413 2409 2656 2576 tzaujaia: in tlacanexqujmjlli, iuh
50 2525 1285 2657 el suelo, y dando gemjdos, como en
1408 2525 2655 2716 mjtoa: çan ie muchi ieh in aoal,
36 2632 1271 2770 formo: las quales sabian, que eran
1398 2686 2656 2905 inecuepaliz, in enextiliz in tezcatli
38 2728 1294 2886 illusiones de tezcatlipuca, no obstan
33 2829 1252 2993 te esto: quando las vian: y los que
1406 2860 2653 3039 puca: in jquac ittoia, çan momj
27 2970 1296 3091 las vian, tomauan mal aguexo, con
1394 2977 2667 3160 mjlotiuh, qujqujnacatiuh tehten
33 3058 1271 3199 cibian en su pecho opinjon ocerti
30 3164 1249 3294 dumbre: que aujan de morir en
1391 3099 2625 3355 tiuh. In aqujn qujttaia, icqujte
25 3270 1292 3406 laguerra, o en braue de su enferme
1398 3292 2668 3486 tzanuja iniemjqujz: aço iavc, anoço
36 3371 1286 3532 dad, o que algun infortunjo les auja
1392 3427 2620 3591 çan tlalmjqujz: anoce ytla, amo
21 3514 1302 3661 de venjr en braue. Y quando estas fan
1401 3567 2640 3769 qualli ie qujmonamjctiz ipan ve
15 3592 1277 3769 tasmas, se aparecian a alguna gente
13 3709 1284 3847 baxa, y medrosa: arrancauan a hu
1395 3710 2624 3902 tziz. Jn aqujn amoiollochicaoac,
21 3814 1287 3964 yr, y perdian el espiritu: de tal ma
1381 3853 2661 4029 in amoiollotlapaliuj, in çan mauh
5 3918 1273 4086 nera, de aquel mjedo que morian
1389 3978 2631 4125 catlacatl, in tlaoqujmottiti: çan ix
