2616 4172
682 48 1250 253 Libro. 2.
132 280 1301 386 sartales de palo: los quales se vendian
137 365 1300 484 tambien enel tianquez. Acabados los
130 441 1296 563 quatro dias, del ayuno, luego se ador
135 519 1306 610 nauan los satrapas, con aquellos ata
137 591 1318 725 ujos, y tambien todos los ministros, el
133 679 1321 804 dia de la fiesta, luego de mañana, se
142 755 1328 888 ponjan en la cabeca color açul: ponjā
135 848 1328 963 se en la cara, y en los rostros, mjel mez
148 961 1303 1035 clada con tinta, todos lleuauan col
130 1017 1307 1156 gados, y sus currones, con encienso,
148 1095 1293 1214 y bordados con caracolillos blancos. Los
149 1176 1304 1310 çurrones de los satrapas, mayores, e
148 1262 1307 1390 ran cuero de tigre: y los de los otros
138 1340 1309 1452 monores, eran de papel pintado, a
140 1451 1293 1549 manera de tigre. Algunos dectos
145 1519 1299 1647 curroncillos, los figurauan amane
153 1616 1308 1719 ra del aue, que se llama atzitzicuj
136 1682 1314 1799 lotl: y otros amanera de patos: to
138 1785 1284 1917 dos lleuauan sus enciensos, los di
138 1867 1330 1982 chos currones. Despues de todos ata
128 1938 1330 2086 ujados, luego comencauan su fiesta:
132 2034 1300 2167 yuan en procesion al cu, yua delan
146 2133 1289 2229 te de todos el satrapa del tlaloc: es
138 2226 1327 2321 te lleuaua enla cabeça, vna corona
138 2280 1279 2388 hecha amanera de escriño justa a
124 2374 1316 2484 la cabeça, y ancha arriba, y del medio
117 2459 1327 2562 della, salia muchos plumajes: lleuaua
121 2520 1301 2659 la cara, vntada con vlli derretido, que
124 2611 1286 2735 es negro como tinta: lleuaua vna xa
123 2702 1312 2828 queta de tela, que se llama aiatl, lle
118 2770 1318 2884 naua vna carantona fea, congrande
124 2859 1327 2978 nariz: lleuaua vna cabellera larga
129 2952 1327 3084 hasta la cinta: esta cabellera estaua
129 3051 1310 3163 engerida con la caratula. Sigujanle
124 3110 1305 3230 todos los otros ministros, y satrapas
114 3226 1325 3327 yuan hablando como qujen reza has
118 3283 1305 3423 ta llegar al cu de tlaloc: en llegando
127 3372 1305 3479 el satrapa, de aquel dios parauase,
121 3470 1295 3583 y luego tendian esteras de juncos: y
117 3548 1309 3662 tambien ojas de tunas, en poluoriza
131 3630 1272 3761 das con encienso: luego sobre las es
126 3694 1327 3815 teras, ponjan quatro chalchiujtes re
112 3790 1310 3892 dondos, amanera de bolillas. Y lue
124 3877 1305 3990 go dauan al satrapa, vngarauati,
124 3953 1303 4092 vllo, teñjdo con açul: con este gara
1659 59 2565 203 celas cerimonjas.
1414 276 2555 423 oalo, njman ioatzinco inpeoa in
1409 388 2563 505 techichioalo: njman mochichi
1420 508 2581 635 oa in tletlenamacaque, yoan
1421 625 2579 750 yn ixqujch tlamacazquj, ioatzi
1411 702 2563 840 co yn onneaqujlo, in tlaquech
1417 806 2568 968 paniotl: yoan contlaliaia ymjc
1404 936 2519 1066 pac, amacuexpalli, neama
1403 1042 2575 1173 cuexpaltilo, yoan neixquatexo
1408 1193 2552 1308 ujlo, mjxquatexoujaia, yoan
1410 1282 2551 1394 michioaia, moujxtoichioaia: y
1398 1375 2528 1519 oan intlan ca ana yn iataztli:
1401 1466 2545 1628 tetlan tlaano in tletlenamaca
1411 1580 2588 1752 que, yn oocelo yiataz cuecuech
1409 1708 2533 1841 cho, nauhcampa inpipilcac
1409 1806 2570 1970 cuechtli, yn itech yiataztli. ujh
1398 1951 2540 2074 in tlamacazque ymjataz, çana
1401 2057 2543 2186 matl in tlachichioalli, tlaoceloi
1399 2160 2555 2338 cujlolli, oceloicujliuhquj: in cequjn
1401 2276 2526 2417 tin atzitzicujlotl ipan mixeoaia:
1389 2426 2527 2536 in cequintin canauhtli, ipanmj
1389 2499 2539 2638 xeoaia, yn jmiataz, tetentiuh, ynj
1389 2606 2549 2765 iauhtextli. Auh in ie iuhquj, moc
1398 2732 2557 2858 tenanamjco, ilhujtlalo: teiacanc
1387 2859 2555 2987 in tlalocan tlenamacac, quetzal
1379 2971 2548 3124 aztatzontli, yn onactiuh: yoan mj
1387 3110 2538 3248 olhuj yaiauhxicol, iqujiauhxa
1390 3201 2509 3379 iac, anoço itlalocaxaiac, in con
1388 3329 2544 3470 maquja, ycujtlacaxiuhian vetzi
1380 3444 2521 3613 yn ipapa ycampa icaoacatiuj
1389 3599 2522 3734 yn jxqujchtin tlamacazque, y
1372 3686 2528 3854 nic vih yn iteupan tlaloc: yn
1383 3811 2549 3961 onacique, njman ie ic onmoque
1389 3889 2569 4038 tza, in tlalocan tlenamac, concia
