2714 4172
571 110 1069 283 dela arte
67 287 1242 459 ran le con malos ojos, por ser pu
52 400 1283 552 blico vecador, y todos le maldizen,
57 486 1235 655 por ser soberbio, y vagamundo, y
73 578 1259 762 por andar perdido, y desobedien
73 673 1240 860 te aloque se mandaua, y aconje
62 788 1254 978 laua, y porque nocura de la buena
78 903 1261 1081 crianca. Y lacriatura quenacia,
69 969 1284 1196 en buen signo, dezian los padres,
70 1085 1255 1278 y madres: nuestra criatura es
68 1173 1297 1358 bien afortunada, y tiene buen
65 1255 1226 1490 signo: que sellama cipactli.
80 1377 1276 1611 Puego le baptizauan, y le da
100 1461 1301 1674 uan el nombre del signo: lla
87 1599 1289 1785 mando le, cipac, o le dauan
105 1661 1338 1877 otro nombre de los aguelos et
110 1779 1289 2020 Y siles parecia, passauan el bapti
103 1906 1298 2104 mo a otro dia: que fuesse de me
108 2029 1304 2225 lor fortuna, dentro del mesmo
109 2139 1287 2363 signo. Y si la criatura que na
118 2240 1314 2467 cia, era varon: quando le bapti
115 2351 1325 2563 sauan, hazian le vna rodela pe
112 2465 1305 2668 queña, conquatro saetillas, y
110 2561 1326 2741 atauan a ellas el vmbligo, y da
122 2713 1302 2882 uan lo todo iunto: alos hom
108 2781 1332 2980 bres soldados, para que lo lleua,
110 2889 1319 3106 sen, al lugar de la pelea: yalli
108 2995 1347 3198 lo enterrauan. Y si la criatura
123 3120 1323 3295 que nacia era mugex: quan
137 3207 1335 3416 do le baptizauan, le ponjan
138 3296 1364 3496 enel lebrillo, todas las alha
125 3409 1341 3643 ras de muger: conque hilan
139 3528 1337 3739 y texen: porque la vida de la
140 3633 1333 3844 muger es crian se encasa, y ei
141 3713 1337 3951 tar, y viujr enella: el vmbligi
154 3866 1350 4043 enterrauan le iunto al hogar.
2412 61 2594 183 foz.
1408 20 2095 210 adiumatoria.
1340 196 2555 413 quen tlatta, mjcmoquatlaztine
1337 345 2589 578 mj, mjvititinemj, ca nel otlauel
1342 470 2579 701 caoaloc, otlaellelaxiti, otlaxillā
1331 614 2594 810 quautitili, otlatzonteconquauh
1329 755 2599 958 tili, otlatzonquauhtili mic auel
1351 886 2574 1068 monotza; canolacic, tiellelacic,
1344 1022 2513 1248 qujmaxilti, ynjc tlaueliloc.
1342 1166 2605 1401 Auh maca vel māceoale, ilhujle
1357 1281 2495 1525 ipan otlacat: njmanqujtoaia
1349 1444 2580 1663 mjtahioom, mjnaoan, caqualli
1378 1603 2566 1803 tonalli mjpan otlacat, oie coc,
1357 1744 2560 1932 ōtlalticpacqujz, omo tlaltecpac
1361 1873 2624 2103 qujxti, ce cipactli: manjman mac
1360 2023 2572 2252 ti, ic qujtocamacaia, ic qujno
1373 2161 2609 2350 tzaia, cipac: amoço itla oc centla
1373 2332 2580 2503 mantli, icolhoan in toca, in quj
1387 2451 2586 2627 macaia: ett: auh tel canteiollo
1378 2584 2604 2760 tlama: maçoc conchololtizque,
1394 2729 2566 2918 açoc contlalizque oc centetl to
1389 2862 2595 3058 nalli, ipa maltiz: ca iequjcen
1391 2981 2660 3203 vica ince cipactli, ca muchiqualh
1398 3126 2576 3335 tonalli. Auh i tlaoqujchth
1401 3281 2577 3458 otlacat: mjquac caltiaia, chi
1416 3407 2637 3589 maltontli qujchichiviliaa, ipa
1403 3564 2605 3739 temj navi mjtotonti: auh itech
1409 3691 2653 3884 qujlpiaia mjxic, in techqujcaoa
1400 3840 2600 4007 ia, intech qujpiloaia intraca:
