2322 3688
455 37 1043 188 Libro. 2.
187 224 1257 372 Al onzeno mes, llamauan ochpa
185 316 1246 432 niztli: los cinco dias primeros deste
182 395 1241 501 mes no hazian nada, tocante ala
188 465 1243 592 fiesta. Acabados los cinco dias: qujn
165 537 1236 661 ze dias antes de la fiesta comença
186 605 1240 725 uan abaylar, vn bayle: que ellos
180 688 1222 802 llamauan, nematlaxo: este bay
179 766 1226 873 le, duraua ocho dias: yuan orde
177 838 1206 975 nados en quatro reneles, y bayla
189 939 1229 1045 uan eneste bayle, no cantauan
176 1008 1213 1142 yuan andando, y callando, y lle
186 1079 1233 1201 uauan en las manos ambas vnas
182 1159 1219 1294 flores, que se llaman cempoalsu
190 1237 1231 1358 chitl, no compuestas, sino corta
193 1304 1204 1420 das, con la mjsma rama. Aigu
190 1395 1205 1498 nos mancebos traujesos, aunque
186 1469 1211 1582 los otros yuan ensilencio, ellos ha
180 1551 1224 1671 zian con la boca, el son que hazia
194 1620 1190 1732 el atabal, acuyo son baylauan:
181 1698 1216 1843 ningun meneo hazian, conlos pi
179 1792 1213 1911 es, nj con el cuerpo: sino solamē
173 1849 1197 1981 te con las manos abaxandolas.
165 1936 1222 2090 y leuantandolas, a compas del a
178 2035 1223 2154 tabal: guardauan la ordenança
177 2091 1204 2223 con oran cuydado: demanera
180 2165 1203 2331 que nadie discrepase del otro. Ce
176 2251 1217 2383 mencauan este bayle, hazia la
180 2343 1206 2478 tarde: y acabauase, en ponjen
173 2427 1190 2560 dose el sol. Esto duraua, por
182 2495 1190 2651 ocho dias: los quales acabados:
172 2583 1183 2713 comencauan luego las muge
170 2671 1207 2806 res, medicas moças, y viejas, a
175 2772 1222 2896 hazer vna escaramuça, opelea
176 2849 1181 2974 tantas, utantas partidas, on
174 2926 1154 3077 dos es quadrones. Esto hazian
165 3018 1192 3153 las mugeres delante de aquel
179 3090 1211 3251 la muger, que auja de morir,
170 3180 1191 3341 en esta fiesta, por regozijarla,
175 3267 1197 3432 paraque no estuujesse, triste,
177 3355 1201 3499 nj llorasse: porque tenjan mat
187 3453 439 3600 apacto.
1417 41 2211 191 de las cerimonjas
1318 197 2266 394 Injc matlactetl oce ilhujtli:
1314 361 2239 491 iehoatl i moteneoa, och
1304 483 2275 608 panjztli: i aiamo onaci, in
1318 578 2253 720 vel iquac vel ilhujtl: oc ma
1308 699 2244 816 cujlilhujtl, m acatle ii
1300 798 2275 950 chioaia, in can oc cactima
1310 917 2233 1061 nj: auh mn oqujz macujl
1296 1023 2276 1160 ilhujtl: njma ic vmpeoa tl
1300 1124 2226 1254 nematlaxo, iquac intla
1304 1227 2251 1362 caxctolti ochpanjztli: chi
1297 1334 2266 1449 cueilhujtl im muchioaia
1297 1442 2233 1579 fiuhmjc nemaclaxo, ne
1288 1545 2232 1678 tetecpanaloia, nappanti
1288 1637 2290 1774 oa, nenappantililo: mjemjc
1278 1744 2284 1872 toaia, çannenentivi, tlatla
1291 1847 2268 1987 iaoaloa, cempoal cuchitla
1283 1973 2259 2097 mapoztectli, in mmac teçe
1284 2096 2224 2183 tiuh, neneçoc in mmac
1276 2171 2263 2318 qujtzitzitzqujtivi: amocuj
1284 2271 2265 2400 caia, aiac naoatia, çan nā
1269 2382 2246 2520 titivi: Tel in clacequjntin
1268 2479 2275 2630 mtelpuch tla veliloque, ti
1273 2598 2271 2737 mj ivntia con tlaeecalhujl
1280 2704 2285 2852 ivevetl: mjuh caqujztivi
1283 2792 2252 2956 vett, can no iuehqujchiuh
1286 2921 2262 3050 tivi, necoccampa in conja
1277 3005 2260 3143 uhtini mima, çantecpanl
1271 3111 2227 3250 tivi, çan cemonotivr, aiac
1270 3201 2265 3352 chicopetonj, aiac tepatilia,
1281 3322 2248 3455 aiac onchicoqujça. Auh in
1272 3421 2266 3551 peoaia in nemallaxo, ie teu
