1850 2744
145 8 564 131 Capitulo. 13.
24 127 862 221 casa: antes que los comjessen, los ofreziā
25 190 839 297 al fuego: y ante de ofrezerselos, no los co
22 247 841 349 mjan. Y los satrapas, que estauan, di
28 309 848 417 putados, al serujcio deste dios: que los lla
25 362 844 487 mauan, y veuejovan, que qujere dezir:
26 438 831 538 sus viejos: todo el dia, hazian areyto,
19 518 827 611 o dança, en su presencia: cantando, y
11 581 840 688 baylando, asu modo. Y tanjan, cara
28 644 850 746 coles, como cuernos: y tanjan, atambo
25 728 842 825 res, y teponaztli: que son atambores,
26 801 801 895 de madera. Y trayan, en las manos,
31 878 858 960 vnas sonajas: conque hazen vn son, al
32 937 848 1022 proposito del cantar: son ala manera
26 1011 850 1107 de trebejos, o trebesinos, con que hazen
39 1090 857 1190 callar alos njños, quando lloran: vsan
31 1150 853 1232 se enlos campos. No se cozia pan, en
36 1234 846 1322 comal, eneste dia: y enesto se tenja
39 1296 836 1393 cujdado, de que nadie, coziesse pan
40 1373 844 1456 nj otra cosa, encomal: porque njngu
42 1433 845 1529 no, se tocasse del fuego: por ser el pri
31 1502 855 1598 mero dia: en que se comjan, y ofreziā,
39 1579 832 1652 los tamales, arriba dichos. Enesta
43 1641 840 1736 mjsma fiesta, los padres, y madres, de
38 1709 842 1789 los njños caçauan: vnos culebras, otros
39 1771 847 1858 ranas, otros peces, que se llaman xouj
37 1833 847 1933 les: o lagartillos del agua, que se llamā
40 1889 851 1982 axolotl, o aues: o qualqujer otros anjma
37 1962 841 2044 lejos. Y estos, echauanlos, en las brasas
22 2015 851 2116 enel hogar: y desque ya estauan tostados,
44 2076 842 2160 comjanlos, los njños: y dezian, come co
44 2130 861 2226 sas tostadas, nr̄o padre el fuego. Y llega
47 2175 841 2285 da la noche, los viejos, y viejas todos
42 2252 838 2358 beujan vctli: que es vino dela tierra:
47 2321 856 2413 y del vctli, que beujan, derramauan, an
48 2373 835 2475 te que beujessen, en quatro partes del
43 2433 853 2530 hogar, del vctli que aujan de beuer: ya
43 2492 840 2571 esto dezian, que dauan agustar al fue
39 2545 855 2632 go, aquella beujda: honrrandole como a
949 4 1451 103 de xiuhtecutli.
1646 17 1778 106 fo. 11.
909 121 1727 221 tiz, mochichinoz: ipampa in ian
901 209 1726 318 cujcan oqualoc oauhqujltama
892 290 1744 418 lli, ynjc otlamanaloc. Auh in
898 382 1720 509 pipiltotonti, muchintin qujn
906 486 1706 618 tlaxqujaia: yn aca coatl, cuj
900 582 1734 716 iatl, xoujli, axolotl, tototl: in
900 677 1750 806 çaçotlein ocacic ioioli, ycamac
900 765 1730 890 contlacaia in tlecujlli: ic mjtoa
903 864 1744 1012 ia, motlaxquja yn tota. Auh
904 970 1732 1119 yn oiooac, noujan tlatlaoanaia
903 1063 1733 1213 in vevetque, ylamatque: iuh
901 1168 1729 1324 qujtoaia, qujtlatoiaujliaia yn
902 1278 1741 1411 tletl, texcalceuja. Auh nauhxi
895 1370 1736 1499 uhtica, yn occenca, mauiztililo
890 1474 1738 1588 ia, ilhuiuh: iquac motecujtotia
902 1572 1725 1713 ia yn motecuçuma, ixpan ynj
906 1670 1718 1798 teucal, xiuhtecutli, ytocaioçan
901 1767 1726 1897 tzonmulco. Auh in jquac hy, vel
890 1855 1749 1987 muchitlacatl, vel no ixqujchtla
894 1970 1730 2102 catl, qujpaloaia, qujltequja, in
895 2070 1728 2192 vctli, in pipiltotonti: ic motoca
895 2184 1713 2291 iotiaia, pillaoano: yoan vncā
909 2279 1711 2401 qujntlatiaia, qujnmahujtiaia
895 2364 1709 2474 in pipiltotonti. Ce cioatl, ce oquj
894 2455 1765 2546 chtli, in qujntemoaia pilhoaque,
897 2531 1755 2650 qujntlauhtiaia: iehoantin qujn
