2716 4152
292 -5 812 165 de la fiesta
70 225 1264 373 le rendia, y qujtaua las armas, ydaua
78 325 1294 449 conel entierra: luego venja, el que se lla
78 422 1270 565 maua iooallaoa, y le abria los pechos
72 476 1270 654 y le sacaua el coraçon. Algunos de los
86 595 1274 738 captiuos, viendose sobre la fiietra a
72 691 1278 841 tados, luego desmayan, y perdian
78 796 1261 933 el anjmo: y como desmayados, y desa
71 887 1288 1044 njmados, tomauan las armas, mas
66 990 1261 1156 luego se dexauan vencer, y los sa
73 1109 1265 1242 cauan los coraçones sobre la piedra.
78 1212 1279 1384 Algunos captiuos auja, que luegose
79 1326 1253 1470 amortezian: como se vian sobre la
68 1452 1248 1572 piedra atados, hechauan se enel
78 1535 1277 1671 suelo, sin tomar arma nnguna, de
77 1650 1282 1788 seando, que luego les matasen: yasi
77 1733 1295 1894 le tomauan, echando le de espaldas
68 1859 1271 2007 sobre la orilla de la piedra: aquel
63 1959 1261 2112 llamado iogallaoan, abriale los pe
77 2080 1258 2236 chos, y sacauale el coracon, y ofre
64 2186 1266 2350 ciale al sol, echauale enla xicara
76 2271 1261 2464 de madero: y luego otro sacerdote,
70 2384 1252 2568 tomaua vn cañuto, de caña hue
69 2534 1234 2677 ca y metiala enel agujero, por
75 2632 1268 2767 donde le aujan sacado, el coracon,
54 2741 1246 2888 y tenjendola en la sangre, torna
45 2823 1270 2992 uala a sacar; y ofrecia aquella sā
43 2932 1237 3094 gre alsol: luego venja eel dueño,
51 3032 1245 3205 del captiuo, y recebia la sangre
60 3172 1257 3301 del captiuo, en vna xicara bor
55 3265 1232 3410 dada, con plumas, toda la ori
61 3378 1267 3505 lla, enla mjsma xicara, yua vn
56 3500 1279 3638 ca nuto tambien, aforrado con plu
54 3589 1255 3741 mas, yua luego a andar, las es
55 3692 1252 3804 taciones, visitando todas las esta
39 3787 1247 3958 tuas, de los dioses, por los templos,
1482 -3 2233 171 tlacaxipeoahiztli.
2434 42 2717 190 fx2.
1381 234 2546 365 maie, qujniehoatl qujmamimic
1387 340 2531 475 tia, qujmaiauj, qujtentimaia
1375 471 2549 595 uj: injn ipan mixeoaia in opu
1382 548 2561 682 chtli. Auh intlanel ieçotlaoa, in
1384 702 2537 804 tlanel ie ihiiocaoa, noçan oalo
1382 802 2531 935 qujcheoa: noma oqujcheoa,
1380 890 2551 1044 inoaoantli. Auh in aca çaçotla
1368 1016 2559 1156 oatiuh, ca xonauhtiuh, iolmic
1372 1150 2561 1260 tiuh, ca tlapolotiuh: çanenpan
1371 1251 2524 1389 ca, canen pictli in qujcujtiue
1374 1365 2511 1543 tzi, yn imaquauh: ic qujoal
1369 1480 2554 1602 namjquj, in qujoaoana, intla
1369 1583 2539 1748 oaoanquj. Auh inneh aca, a
1372 1715 2597 1864 octle conchioa, aoc tle onmactia
1368 1836 2552 1970 aoctle ic oalmomapatla, aoctle
1371 1947 2543 2087 con mochichioaltia, aocmo oal
1372 2060 2551 2193 mocuetzoa, aocmo oalnaoati,
1354 2184 2543 2329 can njman iolmjquj, potlaoa,
1360 2298 2577 2460 chapantiuetzi, momiccatlaça:
1360 2414 2498 2592 qujnequj, macuelich yhizoti
1367 2541 2519 2740 onqujca, macuel ieh conjhiio
1355 2663 2546 2839 uj, macuel ieh ompoliuj, ma
1346 2772 2499 2928 cuel ieh conmotlaxili, ynjmj
1346 2892 2531 3097 quiztequjuh. Auh niman ic quj
1344 3062 2518 3183 cuitiuetzi, ca antiquica, ca quetzti
1353 3169 2525 3307 maiauj, caquetztiteca, itenco inte
1338 3271 2557 3409 malacatl: auh njman iquac oiauh
1338 3353 2530 3513 yn looallaoan, totec ipan quizti
1351 3459 2526 3611 uitz coneltetequj, conanjlia yn iio
1344 3578 2518 3710 llo, conjaujlia in tonatiuh, qua
1332 3695 2579 3830 uhxicalco contlatia in tlamacazque:
1335 3792 2517 3921 yoan oc noce tlacatl tlamacazquj,
