2600 4136
641 32 1214 226 Libro. E.
90 316 1370 454 adornado el chapitel, de vnas plumas
96 413 1361 547 muy negras, que resplandecian, de
107 491 1360 633 neoras: que erian las oallinas, y los
102 567 1349 739 gallos, enel pescueço: y entrepuestas
99 678 1352 816 vnas pestañas, de plumas peladas,
95 772 1334 905 que parescian como pestanas deta
106 847 1350 1009 fetan: ponjanle vna pieza, hecha
103 938 1376 1094 de plumas de papagayos, plegada
93 1042 1359 1180 al cuello: era tan ancha que toma
101 1141 1379 1293 ua de vn hombro aotro, y colgaua
81 1257 1358 1363 hasta los pies, y aun arrastraua:
94 1355 1348 1491 era ygualmente ancha, desde ar
112 1437 1343 1582 riba nasta abaxo. Estando ador
115 1516 1352 1691 nada, esta estatua, que llama
109 1624 1351 1764 uan milintoc, y sentada en su tro
118 1727 1361 1866 no: ofrecianle harina demahiz:
102 1843 1372 1990 esta harina rebolujan, con agua
105 1949 1355 2088 caliente: desta masa, hazian vnos
121 2062 1349 2183 panecillos pequeños, echauanlos
134 2140 1358 2292 enel medio frisoles como empana
134 2224 1339 2380 dos, no molidos: y luego yuan, a
135 2335 1371 2488 ofrecer, delante la estatua, cada
129 2444 1391 2572 y no lleuaua cinco de aquellos pa
136 2560 1352 2677 necillos, y ponjanle alospies, de
131 2641 1345 2764 la estatua. Tambien los mucha
147 2767 1343 2885 chos, y mancebillos, puestos por
132 2875 1354 2983 orden, trayan su caça, y dauan
136 2928 1352 3062 la alos viejos: y los viejos echa
136 3016 1340 3182 uanla, enel huego que ardia,
127 3127 1336 3227 delante la estatua. Esta caca,
124 3228 1343 3358 era de aues, y culebras, y otras
137 3328 1346 3458 sauandijas: y las pequeñas cule
135 3451 1316 3564 bras, y las pequenas aues, que
148 3532 1346 3638 mauanse del todo enel fuego: y
131 3609 1344 3757 las grandes culobras, y las gran
120 3687 1365 3825 des aues, desque estauan asadas,
142 3794 1377 3930 sacauanlas, echauan las alli, ala
142 3881 1355 4006 orilla del fuego: y despues que se
135 3970 1370 4107 templauan, comjan las los viejos
1509 50 2342 212 cie lascerimonjas
1436 289 2532 424 oaxtlaoio, amoxoxouhea
1426 396 2535 559 tlaoro. Auh moquj tlalique
1423 511 2531 655 lilintoc: mec tlamanalo ue
1429 590 2545 782 pan, cecencaca in maceoal
1422 703 2548 914 ti, ceniauh in mamacujlli,
1434 828 2528 1026 ixachi in jxpā motepeuhti
1422 974 2556 1129 tlalia, macuex tlaxcalli: auh
1436 1096 2543 1267 çan no ivi in motecpanan
1431 1204 2540 1391 telpopochti, inpipil otonti,
1447 1320 2546 1501 quauh titech quenpipiloa
1428 1418 2524 1608 in cocoa, yoan mjxqujct
1425 1579 2534 1740 omjto in ioiolime: qujmon
1433 1694 2528 1862 macatimanj, in vevatque.
1447 1808 2517 1939 auh in vedetque, fleço quj
1445 1907 2534 2085 mō maiauhtimanj: auh in
1447 2056 2516 2187 çan tepitoton cocoa, yoan
1442 2144 2558 2286 in occequjntin cantepitol i
1447 2265 2531 2408 in ioiolitoton, vel tlatla, te
1447 2382 2505 2508 coltia: auh in vavemtin co
1441 2480 2521 2658 coa, i omoxcaque, qujmo
1442 2600 2525 2781 nantivi, tlecujllan qujnoc
1444 2716 2501 2898 laztimanj, yn cā motepeuā
1464 2814 2530 2979 titlalia, catepan qujnquaz
1448 2938 2516 3113 calpulhue vetque. Auh itla
1457 3061 2541 3236 telpopoctitin inpipiltoti
1442 3195 2539 3364 ti, ic oalquiztimanj, coceto
1466 3303 2547 3468 qujn oalmacatimanj, in tta
1458 3439 2535 3588 cuex tlaxcalli: njma ie vi
1457 3554 2514 3714 di. Auh in ie iuhquj mn oto
1475 3659 2525 3837 qualoc, macuex tlaxcalli.
1454 3801 2531 3947 njma ieic texcalcevilo, tet
1450 3922 2522 4089 calcevia in vevatque tn
