2566 3964
313 -2 847 186 ie la fiesta
102 197 1190 333 cho: alos quales llamauan aztapit
94 284 1162 421 petlatl, que qujere dezir, petates
81 398 1192 505 saspeados, de juncias blanças, y ver
87 474 1181 590 des: despues de auer tentido, estos
92 564 1163 679 petates, o esteras: luego se adere
96 651 1161 777 cauan, los satrapas de los njdodos,
81 733 1156 863 para hazer sus officios: vestianse
91 811 1171 932 vna xaqueta, que ellos llamauan
71 884 1171 1012 xicolli, de tela pintada: y ponjan
96 988 1170 1105 se enlamano, enel braço izqujerdo,
99 1068 1171 1182 vn manipulo ala manera, de los que
102 1146 1180 1283 vsan los sacerdotes, de la yglesia, que
106 1227 1200 1366 ellos llaman matacaxtli: luego toma
97 1330 1182 1441 uan enlamano izqujerda, vna tale
103 1412 1191 1527 ga con copal, y tomauan enlama
112 1473 1183 1602 no derecha, el incensario, que ellos
102 1565 1173 1690 llaman tlemaytl: que es hecho de
109 1643 1148 1766 barro cozido, amanera de caço, o
97 1736 1160 1858 sartenexa, luego ansi adereçados,
104 1821 1165 1949 salianse al patro del cu, puestos
105 1893 1170 2034 en medio del patio, tomauan bra
102 1993 1147 2125 sas, ensus incensarios, y echauā
103 2083 1168 2206 sobre ellas, copal, y incensauan, ha
106 2175 1145 2298 zia las quatro partes del mundo,
106 2257 1177 2377 oriente, septentrion occidente, me
108 2327 1170 2454 dio dia: aujendo incensado vazia
94 2413 1128 2560 uan las brasas, en los braseros al
84 2520 1140 2647 tos, que siempre ardian de noche
79 2591 1166 2739 enel patio, tan altos como vn esta
81 2696 1132 2826 doo pocomenos, y tan gruesos
67 2781 1160 2904 que dos hombres apenas los po
61 2858 1166 3001 dian abracar. El satrapa que a
54 2969 1129 3097 uja ofrecido el encienso: acabado
57 3051 1141 3176 su officio, en trauase enel calme
60 3141 1164 3272 cac, que era como sacristia, y alli
51 3232 1138 3383 ponja sus ornamentos, luego co
42 3336 1182 3466 mençauan los satrapas, aofrecer
53 3402 1135 3540 delante el hogar, vnas bolillas
57 3491 1159 3636 de masa, cada vno ofrecia quatro
59 3579 1153 3750 ponjanlas todos, sobre los petates,
1345 -2 2054 191 zitzalqualiztli.
2284 72 2526 200 fo. 3 9
1270 217 2391 367 oa in tlenamacac, conmaquja y
1274 337 2410 456 njxicol, yoan conaquja yn iopu
1266 408 2392 557 chcopa, itoca matacaxtli: yoan
1264 502 2396 667 itlan conana in copalxiqujpilli,
1267 616 2396 752 yoan concuj initlema: njman ie
1261 722 2377 850 ic tlenamaca, qujiaoac oalmo
1273 817 2350 941 quetza, itoalco oalmoquetza:
1279 927 2411 1056 nauhcampa in conjaoa yn tlena
1266 1015 2386 1167 macac: auh in ie iuhquj, conte
1267 1124 2411 1258 ma tlequazco tlexochtli, mecca
1259 1214 2434 1370 laquj, onmotlalia tlecujlixquac:
1260 1327 2362 1467 vncan contema nauhtetl yne
1257 1432 2394 1570 papatlaia, ventelolotli, cencan
1258 1554 2360 1679 tlamatzin cencanjuja, cencan
1267 1644 2383 1771 matca in contlalia: in tlacentetl
1258 1744 2383 1891 oqujmjmjlo ic caci, ycaxioa, co
1257 1858 2372 1987 nilhuja in tlamacazque. Otimj
1240 1960 2344 2106 tzacique tlamacazque, caotitla
1257 2052 2304 2213 mjmjlo. Auh in tlenamacac,
1252 2143 2346 2306 meccalaquj: njman ic motla
1254 2231 2393 2395 tlalia, moxixitinja, moueueloa:
1261 2381 2377 2512 njman ic onmoiacatia yn ixquj
1252 2500 2345 2600 chtin tlamacazque, ceceiaca co
1243 2573 2359 2681 tlalitimanj yn jnnepapatlaia,
1242 2658 2347 2792 in ventelolotli. Auh in cequjnti
1222 2762 2338 2907 xitomatl, anoço izoatomatl in
1240 2850 2303 3013 concaoaia nauhtetl: auh in ce
1241 2964 2333 3099 qujntin chilchotl in contemaia,
1231 3069 2353 3189 nauj: cenca vellachielo, vel neix
1243 3165 2334 3322 petzolo, vel neixpepetzalo, ynā
1233 3259 2356 3425 çaca tlamjmjloz, yn acaca tlaoli
1225 3383 2314 3527 niz, yn açaca tlamapetoniz, yn
1225 3490 2379 3629 açaca tlamaxopeoaz. Auh intla
1231 3575 2338 3689 aca otlamjmjlo, caci, conjxima
1228 3666 2354 3794 ti, con machiotia: yoan intla aca
