2732 4286
1063 31 1661 232 libro qujnto,
100 185 1344 340 las que el queria, hablaua la fantasmao,
1441 195 2734 371 macaz? qujtuja, yzca njmjtzmaca.
81 312 1307 474 diziendo. Doy te, toda la riqueza
1456 354 2704 530 cevitztli: amo njcia, amonjccelia tle
90 416 1345 589 que dessoas: para que seas prospero en el
1443 484 2736 669 njcchioaz, vme, iy, nauj qujmaca: ça
75 569 1357 735 mundo: entonce el soldado, dexaua
1443 617 2706 789 nel amo ic qujcaoa: qujnjquac in oquj
86 675 1305 858 ala fantasma: porque ya auja al
1447 742 2684 939 iolpachiujti, in oqujiolpachiuhcaioti
75 793 1365 986 cançado, lo que buscaua, y dessoaua.
1440 907 2681 1082 in ie qujluja: muchi njmjtzmaca in
1440 1066 2658 1236 necujltonolli, titlamavicoz intlaltic
349 1004 632 1257 icl
1432 1226 2636 1406 pac: yquac qujeoa: ca nel oconjttac
1430 1373 2682 1562 in qujtemoa ijollo, injc oelcicuihti
1419 1544 2584 1765 nenca, onentlamattinenca. Ef.
1034 1664 1317 1774 y se trata
76 1691 1301 1904 Capitulo treze, enque, ae
1424 1680 2666 1937 Tcmatlactli omei capitulo, vn
64 1858 1280 2034 blrus fantas mas: que apare
1419 1875 2674 2063 can moteneoa: yn oc cequj tetzavitl,
59 1965 676 2093 cian de noche.
1407 1999 2267 2166 in iooaltica monextiaia.
44 2151 1318 2362 Auja otramanera de fantasma,
56 2323 1332 2485 que de noche aparecia: ordinariamen
1579 2193 2638 2493 No yoan, netetzaujloia mo
54 2424 1320 2563 te en los lugares, donde yvan a hazer
1413 2473 2665 2620 teittitiaia: in jtoca cujtlapanton,
35 2550 1328 2667 sus necessidades de noche: si alli, les
1401 2603 2662 2776 anoço cintanaton: mjtoa in acolho
60 2658 1368 2807 aparecia vna muger pequena enana,
1413 2733 2680 2906 açan centlapachton: iuhtocaiotilo
58 2762 1284 2899 que la llamauan cujtlapanton, o
57 2880 1336 3015 por otro nombre centlapachton. Quā
1407 2881 2627 3087 Qujtoa, çan vncan inneaxixalo
45 2978 1283 3107 do esta tal fantasma aparecia: iue
1397 3036 2651 3228 ian, in tlaçulpan moteittitiaia: in
37 3099 1285 3235 go tomauan aguero, que aujan de
24 3178 1327 3321 morir enbreue, oquele auja de acon
1405 3190 2626 3369 tlaie aca axixmjquj, incan icel
29 3319 1338 3436 recar algun infortunjo: esta fantasma
1385 3335 2629 3547 ioaltica qujça: in aco metztona, a
24 3440 1307 3561 aparecia como vna muger pequena
1395 3499 2593 3678 noço tlaiooa: iquac qujmottitia:
18 3535 1280 3657 gnana, y que tenja los caballos lar
8 3616 1288 3773 gos: trasta, la: cinta y fu andar, era cō
1379 3633 2655 3808 oan iehmuch ic qujnextiaia in mj
12 3738 1316 3898 mo vna anadeando: qualqujera que
1382 3781 2675 3984 qujztetzaujtl. Jn aqujn qujmottl
2 3849 1271 4008 via esta fantasma, cobraua gran te
6 3955 1311 4095 mor. Y el que la vra: si la queria assir,
1386 3954 2643 4128 tia, ic qujtetzanvia in ace miqujs,
