2630 4200
290 50 1113 264 dele: pricipio,
42 254 1182 453 ¶ Parrapho tercero, de la
49 403 1212 571 penjtencia, aque se obligaua
51 516 1186 679 los que recibian, el cuerpo
63 618 806 797 de vitzilobuchtli.
75 803 1210 1014 L os mancebos que recibian, y co
70 940 1193 1094 mjan, el cuerpo del dicho vitzilo
57 1041 1234 1187 buchtli, obligauanse aserujr vn año:
57 1132 1228 1276 y cada noche encendian, y gastauā
73 1246 1204 1377 mucha cantidad de leña, que era
67 1315 1166 1464 mas de dos mill palos yteas: las
76 1409 1208 1539 quales les costauan, diez mantas
68 1512 1214 1667 grandes, que se llaman quachtli:
87 1620 1222 1771 de que recebian gran agraujo, y
83 1709 1226 1844 molestia. Cadavno, era obligado
93 1811 1234 1952 apaoar, vna manta grande, que
92 1905 1208 2074 se llama quachtli, ycinco manti
93 2019 1213 2168 Las pequeñas, que se llaman te
98 2078 1212 2264 Juachtli: y vn cesto de mahiz, y
116 2200 1247 2349 cient macorcas de mahiz: y los que
102 2307 1245 2468 no podian pagar, que se sentian,
98 2383 1183 2586 zer muy agraujados, del dicho
93 2507 1242 2646 tributo, se ausentauan: y algu
90 2593 1253 2761 nos determjnauanse, amorir en
99 2699 1250 2855 la guerra, en poder de los enemj
96 2811 1192 2945 gos. J como los dichos, mancebos,
104 2875 1261 3059 sabian, que acabauan, y cumpli
109 3002 1235 3150 an, el serujcio, y penjtencia, a
109 3090 1262 3262 que estauan obligados, entre ellos
122 3222 1228 3376 otra vez recogian, otro tributo:
123 3292 1265 3480 cada vno pagaua seys mantillas
110 3403 1225 3589 pequeñas, que se llaman te
112 3500 1244 3680 quachtli, conque comprauan te
130 3635 1253 3777 as, y leña, y todo lo que esa ne
115 3722 1225 3880 essario: para lauar al dicho vi
129 3801 1226 3999 tzilobuchtli, al fin del año. Jel
1416 16 2521 224 delos dioses. fo5.
1296 189 2420 436 Jnjc y parta yho, vncā
1288 355 2426 527 moteneoa in tlamaceoaliztli,
1283 493 2432 673 in qujchioaia, in quiquaia ini
1287 599 2142 785 nacaio vitzilobuchtli.
1321 768 2458 991 Aulh cacenca vey in jnneto
1304 960 2470 1125 Jiniliz muchioaia: auh vel ce
1298 1070 2484 1219 xivitl in mocaoaia in tel popoch
1305 1182 2500 1342 tin vncan mjiec in quitlatiaio
1297 1294 2475 1473 in quavitl in cecenioal macuil
1304 1418 2484 1586 tzontli, ontzontli inemachio,
1323 1557 2492 1735 muztla yvi, muztlayuj, yoā
1330 1663 2496 1838 ocotl, matlactica quachtliin
1321 1787 2467 1975 tlatlaicecoal, iehoatl y, incē
1321 1921 2445 2078 catlatolinjaia: yoan ce cen
1317 2049 2466 2234 quacntli, yoan macuiltetl te
1335 2179 2533 2384 quachtli in qujtlaliaia cecentla
1330 2314 2506 2508 cati, njman ie tlaolli centzin
1339 2448 2509 2623 copincatontli, yoan mamacuil
1339 2583 2488 2745 yoalli cintli, in cecentlacatl,
1335 2701 2539 2887 quinextiaia. Jehoatl y, in cēca
1329 2836 2503 3013 tlatequipachoaia, tlaellela
1329 2957 2521 3087 xitiaia, tlatolinjaia: auh in
1345 3069 2566 3225 cequjntin ic choloaia, ic cana
1349 3181 2533 3351 paitztivia. yoan mjequjntin
1342 3310 2546 3439 inomotlacomaiavia iaoc omo
1348 3425 2590 3595 mjccatiaçaia, in ca omomotla
1339 3562 2548 3719 ia in jniaoan, auh in iquac
1341 3675 2539 3857 inie quicaoatzque in intequiuh in
1338 3813 2539 3989 ie ic tlatzonquixtizque, in ieic ce,
