2434 3980
506 41 1065 205 Libro. 2.
73 256 1222 375 con color amarillo, y con marca
75 344 1224 462 xita. Enesta fiesta todos comj
91 432 1231 566 an vnos tamales, que llaman
80 520 1254 688 xocotamalli: y hazian ofrendas
96 630 1206 771 asus dioses en sus casas: y los
103 750 1231 876 viejos y viejas, beujan vino, pero
99 822 1241 983 los moços, y moças no: y si alguno
81 903 1218 1082 de los que notenjan licencia lo
99 1023 1197 1184 beujan, echauanlos presos, y
99 1114 1191 1302 castigauanlos, los de la audien
103 1233 1216 1403 cia, los sentenciauan, que lla
100 1357 1226 1510 mauan petlacalco: algunos sen
87 1449 1230 1592 tenciauan, con pena de muerte
109 1555 1228 1713 por beuer el pulcre: y los assi sen
98 1675 1222 1825 tenciados, njngun remedio tenj
86 1759 1214 1924 an: matauanlos delante todo
95 1875 1226 2034 el pueblo, porque enellos escar
97 1979 1173 2134 mentasen los otros, y para
89 2083 1221 2250 poner espanto atodos: lleua
90 2186 1196 2326 uanlos los iuezes, las manos
75 2292 1240 2438 atados al tianquez, y alli ha
80 2401 1236 2547 blauan atodo el pueblo: que
80 2502 1231 2674 nadie beujesse el pulcre, sino
73 2627 1207 2811 solo los viejos, y viejas. Y des
76 2758 1198 2928 pues que se acabaua la pla
77 2847 1200 3012 tica, luego dauan alos que
82 2956 1186 3115 aujan de morir, con vn bas
83 3053 1189 3227 ton, tras el cogote, y le acho
84 3172 1185 3346 cauan: los verdugos deste offi
79 3309 1199 3457 cio, se llamauan, quauhno
78 3410 1174 3566 chtli, ezoaoacatl, ticociaoa
80 3525 1175 3683 catl, tezcacooacatl, macate
79 3635 1217 3780 catl, atenpanecatl: estos no
71 3725 1213 3870 eran de los senadores, sino de
1483 39 2363 211 de las cerimonjas.
1330 231 2369 377 netotiloia, çan in neixcaujl in
1333 368 2360 508 cioa, yn jlamatque, yn ichpo
1336 470 2320 597 pochti, yn in iolloco cioa, ci
1324 554 2356 672 oapipiltotonti: in ichpopoch
1322 650 2352 796 ti yn aiacan qujtta oqujch
1314 752 2371 915 tli, mopotonjaia, moxaoaia.
1303 863 2362 1036 Ixqujchtlacatl, motamaluja
1303 997 2363 1135 moxocotamalujaia: qujntla
1299 1091 2392 1231 tlamanjliaia, in inteyoan. Aul
1317 1221 2341 1359 in ueuetque, yoan injla
1308 1329 2374 1482 matque, can in neixcaujlca
1320 1425 2359 1573 ca in tlaoanaia: çan njmā
1315 1542 2365 1694 aiac tlaoanaia in telpuch:
1308 1662 2343 1805 tli, in tlamaçazquj, yn ich
1306 1782 2345 1929 puchtli. Auh intla aca, oi
1296 1879 2362 2020 ttoc, vel iujuj ic oanoc, qua
1309 2002 2344 2140 uh calço tlalilo, petlacalco.
1319 2098 2351 2251 ipan nenonotzalo in tlein
1315 2208 2351 2361 ipan muchioaz, yn açoquj
1306 2319 2381 2473 tzacutiaz, neetitilo, neixpāi
1296 2428 2368 2602 tilo: qujpantia intla ie yne
1296 2579 2317 2718 mac: auh intlacamo ie y
1284 2693 2357 2818 nemac, tlatzontequjlilo, mj
1302 2813 2371 2971 quiz, aocmo qujçaz, aoctle
1309 2935 2379 3073 itzacujl, aocmo ichicomatl,
1297 3038 2365 3203 aoctle yn etemachil. In aq̄n
1297 3190 2374 3339 oixnaoatiloc, teutlacpain
1286 3316 2378 3433 tetlalujlo, in necenqujx
1281 3415 2377 3577 tiloz, necentecoz, in cacoch
1294 3512 2393 3711 pa ie moteneoaz, in jtlatollo:
1288 3673 2381 3832 mjtoaia, muztla micocz, iā
