2652 4222
592 55 1039 269 Libro
53 231 1232 430 El decimo septimo signo: se
44 399 1197 528 llama ceatl, dezian: que este
38 491 1217 625 signo, era indiferente. En este
43 623 1227 745 signo, dezian: que reynaua la
53 706 1215 843 diosa, que sellama ehalchiuh
56 825 1220 951 tli yeue:  losque tienen tra
68 901 1237 1035 to anel agua: hazian ofrendas,
44 1021 1249 1160 y sacrificios: a honrra desta di
76 1095 1249 1242 osa, enel calpulço, delante de
52 1202 1202 1357 su ymagen, y dezian: por sex
65 1288 1282 1477 este signo indiferente: que qual
62 1392 1220 1572 o qual delos que nacian en el
74 1493 1237 1661 tenja buenauentura: y todos
63 1593 1263 1740 los mas de los que enel nacian
87 1728 1230 1851 eran mal afortunados, y mu
79 1799 1220 1930 rian mala muerte.  si algu
67 1910 1246 2026 nos bienes deste mundo: tenjan
73 2008 1240 2162 poço tiempo, los gorauan al me
74 2089 1264 2246 jor tiempo, se les acabaua ladā
67 2190 1238 2357 tura. Y por esta causa, se lauāto
78 2315 1229 2453 el refran, que dizen: gua en el
66 2439 1249 2580 mundo vndia bueno, y otro ma
61 2506 1242 2685 lo: y que los que son prosperos
75 2622 1230 2782 en vn tiempo acabaran en po
78 2736 1227 2909 breza: y los que tienen pobre
67 2889 1235 3029 za en la, vida, ante de la mu
84 2972 1242 3145 exte: tendrian algun descanso.
104 3099 1263 3262 Y alos que nacian: en este signo.
79 3206 1232 3367 no los baptizauan, luego, difiri
86 3297 1232 3495 an los: para el tercero dia, o
97 3416 1249 3612 para el seteno, o para el dece
89 3541 1247 3701 no, o para alguno, de losque
81 3651 1228 3828 se siguen. Porque dezian:
79 3770 1254 3938 que todos estos, hasta el tre
81 3864 1269 4030 zano, tenjan algumbodad.
1477 220 2484 381 eatl: injn ceatl, qujtoa, a
1313 357 2486 478 mono qualli: yoan qujtoa, çan
1317 443 2481 571 chictlapantli, chictlapantica: ix
1309 519 2501 683 qujch qualli, ixqujch amo qualli:
1327 616 2509 752 Jncan qujtonaltiaia: inj toca chal
1312 733 2504 875 chiuhtli ycue, in jpan mjxeoaia
1311 808 2516 947 atl: occenca iehoan qujtlamanj
1303 891 2497 1088 haia, yJn anamacaque, in acale
1305 989 2499 1163 que, acaltica atlacuj, yoan acal
1307 1084 2492 1271 quetzque: iehoan qujxiptlatiaia
1322 1185 2512 1365 qujtlaliaia ycoloio inj teupan, inj
1320 1305 2546 1451 calpulco. Auh injc mjtoa can chic
1336 1420 2527 1554 tlapanquj yn amovelmacitica mot
1321 1516 2526 1685 quitica ic qualli, quitoznequi in aqujl
1335 1642 2500 1777 ipantlacatia, canvejquiçaia cenca
1334 1746 2506 1903 canaca in vncan quiçaia tlacnopil
1334 1859 2510 2005 nujam, ca injuhca vel inmaceoal,
1329 1975 2508 2158 itonal çanmuchi aqualli in cololo
1338 2082 2489 2275 tica motquitica, teuhtli, tlaçolli.
1335 2192 2551 2392 auh amo qualli ynjciaz, imemiquiz,
1324 2346 2518 2466 açocancana tetepacholoz, teticaue
1332 2442 2513 2583 tzez, anoço atocoz, atlan mjqujz:
1318 2568 2546 2685 auhi in tlacanoeo itla imaceoaltiz, ca
1329 2668 2494 2779 cestocpol, çan cuelachic, cancuecue
1323 2769 2538 2918 lachic, canachica, çan achitonca, ca
1316 2878 2515 3031 achitzmia, canixqujchcaujtlin, mjx
1335 2990 2534 3126 van onqujcaz: mjnecujltonol, ieipā
1323 3088 2495 3252 mjtoa, mjntlaçol tlalticpac tlaclato
1323 3204 2565 3350 anj, ccntaxacapitzuelin tlalticpac, que
1344 3290 2522 3444 man veli, quenman aveli, in tlaipil
1329 3392 2516 3549 tran motolanjz, qujnitzonco i achi
1328 3484 2540 3606 moiollaliz: auh in tlanoce njman ipa
1317 3588 2597 3749 vilpeoa, qujpilpilpeoalti mnetlamaci
1328 3705 2552 3861 til cantlantica, çan cotocpol mjc con
1335 3825 2544 3973 motlanevia: auh ca ic noiotl: mjc ox
