2478 4070
610 41 1194 238 tibro. 2.
87 264 1293 377 muchos, no aujan salido, por el alar
97 365 1292 531 de, que se hazia este dia, salian to
96 456 1269 600 dos los principales, y los piles: y a
98 537 1257 695 derecauanse, muy ricamente: y
92 638 1314 770 el señor, yua yua delante, con ricos
103 742 1253 890 ataujos, ataujado: era tanto el
97 834 1280 994 oro, que resplandecia con el sol en
116 921 1224 1109 gran manera, entodo el patio,
117 1025 1279 1197 y ala tarde acabando, el areyto
105 1123 1279 1259 salian los satrapas, de la diosa chi
108 1220 1277 1376 come coatl, vestidos con los pellejos
107 1333 1254 1470 de los captiuos que aujan muer
98 1418 1281 1552 to, el dia antes: aestos llamauan
106 1511 1302 1635 tototecti. Estos se subian, encima
119 1623 1270 1774 vn cu pequeno, que se llamauan
103 1710 1285 1859 la mesa de vitzilobuchtli, desde a
100 1805 1285 1966 lli arronjauan, o sembrauan ma
94 1898 1282 2091 hiz, de todas maneras: blanco, y
105 2022 1289 2141 a marillo, y colorado, y prieto, so
97 2112 1277 2282 bre la gente, que estaua abaxo: y
102 2209 1252 2352 tambien pepitas de calabaça; y to
93 2314 1250 2480 dos cogian aquel mahiz, y pepi
98 2426 1270 2578 tas: y sobre ello se apuneauan
82 2516 1234 2649 las donzellas, que serujan ala
107 2608 1244 2754 diosa chicome coatl: alas quales
78 2728 1265 2869 llamauan cioatlamacazque, to
86 2823 1254 2996 das las lleuauan acuestas cada
93 2925 1279 3087 siete macorcas de mahiz rayadas
93 3020 1271 3209 con vlli derretido, y enbueltas cō
94 3133 1292 3330 papel blanco, en vna manta rica:
78 3221 1290 3433 yuan aderecados con sus plumas
78 3342 1285 3509 en las piernas, y en los braços pe
81 3436 1275 3629 gadas a manera de bilma, y afey
97 3527 1283 3690 tadas con marcaxita: yuan can
98 3619 1277 3790 tando juntamente, con los satra
90 3704 1281 3881 pas, de la diosa chicomecoatl: los
90 3805 1305 3976 quales regian el canto. hecho esto,
1527 26 2383 213 delas cerimonjas
1374 238 2384 392 nican tiqujmitta, in tla ma
1353 348 2429 475 cujl, matlac oalmjto. tehoatl
1356 440 2441 584 tlachinolli, idest, iaoiutl, cujl
1364 584 2365 704 oc mocuepaqujuj: cuixoc
1372 669 2429 803 ymiloch qujchioaaujuj, ca ic
1369 764 2408 905 ceniazque. Auh in toci, y
1353 879 2398 1029 oan ycuexoan, yoan titici,
1368 988 2398 1130 çan nonqua mantiuj, ite
1362 1088 2445 1250 putzco tepeuhtiuj: ca njioque
1366 1207 2429 1345 in cujcatiuj, ynic cujca cen
1367 1314 2433 1476 ca tlapitzaoa, iuhqujntzo
1379 1439 2430 1562 tli cana incujc: in peoan
1373 1506 2455 1670 matlaxo nepantla tonatiuh,
1368 1638 2390 1796 auh innecaoalo, ie oncala
1368 1739 2411 1912 quj intonatiuh. Auh yn
1370 1844 2423 2026 otlatujc, in ie ymuztlaioo,
1364 1995 2413 2134 occepa cenqujxoa, oc none
1358 2091 2416 2224 matlaxo, aiac mocaoa caco
1368 2170 2414 2334 yiopa: qujniquac motlauiz
1366 2271 2422 2433 macaia in pipilti, aocmo mj
1361 2381 2431 2549 equjnti, ca quezqujntin: auh
1365 2480 2410 2660 in qujmomacaia, cenca tla
1370 2605 2425 2756 cotlanquj in tlauiztli, cenea
1370 2702 2428 2876 teucujtlaio, mocateucujtla
1358 2842 2424 2982 cenca quetzallo, moca quetzi
1354 2939 2419 3075 lli. Auh yn oconmomaca
1358 3037 2418 3183 que, njman ie ic uj moma
1354 3153 2410 3303 tlacazque, qujiacana in
1356 3249 2382 3374 MMotecucoma, cenca ma
1359 3357 2416 3508 nizçotiuj, teixpan qujnex
1344 3449 2420 3580 tia in tlauiztli, cenca veca
1347 3554 2420 3675 in motonameiotia, cenca
1359 3624 2425 3779 mihiiotia in tlauiztli. Auh
1360 3733 2447 3933 in ie iuhquj, yn onecacaoallo
