<?xml version="1.0" encoding="UTF-8" standalone="yes"?>
<PcGts xmlns="http://schema.primaresearch.org/PAGE/gts/pagecontent/2013-07-15" xmlns:xsi="http://www.w3.org/2001/XMLSchema-instance" xsi:schemaLocation="http://schema.primaresearch.org/PAGE/gts/pagecontent/2013-07-15 http://schema.primaresearch.org/PAGE/gts/pagecontent/2013-07-15/pagecontent.xsd">
    <Metadata>
        <Creator>prov=University of Rostock/Institute of Mathematics/CITlab|PLANET AI GmbH/Gundram Leifert/gundram.leifert@planet-ai.de:name=Florentine Codex(htr_id=24784)::::v=2.6.6
prov=University of Rostock/Institute of Mathematics/CITlab|PLANET AI GmbH/Tobias Gruening/tobias.gruening@planet-ai.de:name=de.uros.citlab.module.baseline2polygon.B2PSeamMultiOriented:v=2.6.6
prov=University of Rostock/Institute of Mathematics/CITlab|PLANET AI GmbH/Tobias Gruening/tobias.gruening@planet-ai.de:name=/net_tf/LA73_249_0mod360.pb:de.uros.citlab.segmentation.CITlab_LA_ML:v=2.6.6
Transkribus</Creator>
        <Created>2020-06-23T15:23:21.807-07:00</Created>
        <LastChange>2020-06-24T05:29:12.601+02:00</LastChange>
    </Metadata>
    <Page imageFilename="FC_Vol_1_25.png" imageWidth="1942" imageHeight="2656">
        <ReadingOrder>
            <OrderedGroup id="ro_1596736928603" caption="Regions reading order">
                <RegionRefIndexed index="0" regionRef="r1"/>
            </OrderedGroup>
        </ReadingOrder>
        <TextRegion orientation="0.0" id="r1" custom="readingOrder {index:0;}">
            <Coords points="76,51 76,2605 1940,2605 1940,51"/>
            <TextLine id="r1l1" custom="readingOrder {index:0;}">
                <Coords points="81,102 1789,117 1951,91 1951,15 81,32"/>
                <Baseline points="92,92 184,91 276,89 369,88 461,87 554,87 646,86 738,86 831,86 923,87 1016,87 1108,87 1200,87 1293,88 1385,88 1478,88 1570,87 1662,87 1755,86 1847,85 1940,83"/>
                <TextEquiv>
                    <Unicode>Capitulo qujnto, de vn embuste, que hizo el nigromantico, llamado Titlacaoā. fol. 12.</Unicode>
                </TextEquiv>
            </TextLine>
            <TextLine id="r1l2" custom="readingOrder {index:1;}">
                <Coords points="81,166 1866,187 1865,101 1669,92 81,122"/>
                <Baseline points="92,159 180,157 268,155 356,153 444,152 532,151 620,150 709,150 797,150 885,150 973,150 1061,150 1149,150 1237,151 1326,151 1414,151 1502,151 1590,151 1678,150 1766,150 1855,149"/>
                <TextEquiv>
                    <Unicode>Capitulo sexto, de como los de tulla, se enojaron, contra quetzalcoatl. fol. 14.</Unicode>
                </TextEquiv>
            </TextLine>
            <TextLine id="r1l3" custom="readingOrder {index:2;}">
                <Coords points="83,234 1805,245 1805,175 1588,159 83,176"/>
                <Baseline points="94,225 179,221 264,217 349,214 434,212 519,210 604,209 689,208 774,208 859,208 944,209 1029,210 1114,211 1199,212 1284,213 1369,215 1454,216 1539,217 1624,218 1709,219 1794,219"/>
                <TextEquiv>
                    <Unicode>Capitulo septimo, de otro embuste, que hizo el sobredicho nigromantico,</Unicode>
                </TextEquiv>
            </TextLine>
            <TextLine id="r1l4" custom="readingOrder {index:3;}">
                <Coords points="86,302 541,273 670,302 793,264 862,305 1216,296 1250,289 1250,231 85,240"/>
                <Baseline points="98,282 155,279 212,276 269,273 326,271 383,269 440,267 497,266 554,265 611,264 668,263 725,263 782,263 839,263 896,263 953,264 1010,266 1067,267 1124,269 1181,271 1239,274"/>
                <TextEquiv>
                    <Unicode>con que mato muchos, de los de tulla. fol. 15</Unicode>
                </TextEquiv>
            </TextLine>
            <TextLine id="r1l5" custom="readingOrder {index:4;}">
                <Coords points="79,346 1711,380 1710,234 1472,296 79,302"/>
                <Baseline points="91,345 171,342 251,339 332,336 412,334 493,332 573,330 653,329 734,328 814,327 895,327 975,327 1055,327 1136,327 1216,327 1297,327 1377,328 1457,328 1538,329 1618,329 1699,330"/>
                <TextEquiv>
                    <Unicode>Capitulo octauo, de otro enbuste, con que mato muchos mas. fol. 16.</Unicode>
                </TextEquiv>
            </TextLine>
            <TextLine id="r1l6" custom="readingOrder {index:5;}">
                <Coords points="91,419 207,459 1046,418 1718,455 1719,388 1571,364 92,354"/>
                <Baseline points="102,412 182,413 262,412 342,412 422,411 503,410 583,409 663,408 743,407 823,406 904,405 984,405 1064,406 1144,407 1224,408 1305,411 1385,414 1465,418 1545,424 1625,430 1706,438"/>
                <TextEquiv>
                    <Unicode>Capitulo nono, de otro enbuste, con que mato muchos otros. fol. 17.</Unicode>
                </TextEquiv>
            </TextLine>
            <TextLine id="r1l7" custom="readingOrder {index:6;}">
                <Coords points="85,514 1753,553 1901,545 1902,488 1482,428 506,463 86,417"/>
                <Baseline points="96,500 185,498 275,496 365,495 454,494 544,493 634,492 723,492 813,492 903,493 993,494 1082,495 1172,496 1262,499 1351,502 1441,505 1531,508 1620,513 1710,517 1800,523 1890,528"/>
                <TextEquiv>
                    <Unicode>Capitulo decimo, de otro enbuste, con que māto el mismo nigromantico. fol. 18.</Unicode>
                </TextEquiv>
            </TextLine>
            <TextLine id="r1l8" custom="readingOrder {index:7;}">
                <Coords points="82,608 660,576 1189,601 1231,594 1231,515 473,503 82,538"/>
                <Baseline points="94,597 150,593 206,590 262,588 319,585 375,584 431,583 488,582 544,582 600,581 657,582 713,582 769,583 825,583 882,584 938,585 994,586 1051,587 1107,588 1163,588 1220,589"/>
                <TextEquiv>
                    <Unicode>Capitulo vndecimo, de otro enbuste. fol. 19.</Unicode>
                </TextEquiv>
            </TextLine>
            <TextLine id="r1l9" custom="readingOrder {index:8;}">
                <Coords points="76,698 878,658 1345,691 1537,665 1537,582 76,617"/>
                <Baseline points="87,669 162,667 238,665 314,663 389,662 465,660 541,659 617,658 692,657 768,656 844,656 920,656 995,656 1071,657 1147,657 1223,658 1298,659 1374,661 1450,663 1526,665"/>
                <TextEquiv>
                    <Unicode>Capitulo duodecimo, de la huyda de quetzalcoatl. fol. 20</Unicode>
                </TextEquiv>
            </TextLine>
            <TextLine id="r1l10" custom="readingOrder {index:9;}">
                <Coords points="76,758 1777,774 1777,704 1581,676 76,698"/>
                <Baseline points="87,749 175,744 263,739 352,736 440,734 528,732 617,731 705,730 793,730 882,730 970,731 1059,733 1147,734 1235,736 1324,738 1412,740 1500,742 1589,744 1677,746 1766,748"/>
                <TextEquiv>
                    <Unicode>Capitulo tredecimo, de las memorias, que dexo quetzalcoatl, por las tie</Unicode>
                </TextEquiv>
            </TextLine>
            <TextLine id="r1l11" custom="readingOrder {index:10;}">
                <Coords points="75,830 195,817 235,839 310,816 459,839 592,788 690,831 735,802 808,821 805,737 643,738 603,772 292,740 73,772"/>
                <Baseline points="86,809 121,809 156,808 192,807 227,805 263,804 298,803 334,802 369,801 405,799 440,798 475,796 511,795 546,794 582,793 617,792 653,791 688,790 724,790 759,790 795,789"/>
                <TextEquiv>
                    <Unicode>rras donde pasaua. ibidem.</Unicode>
                </TextEquiv>
            </TextLine>
            <TextLine id="r1l12" custom="readingOrder {index:11;}">
                <Coords points="82,899 1628,912 1778,894 1779,834 82,816"/>
                <Baseline points="93,887 176,883 260,879 344,876 428,873 511,871 595,870 679,869 763,869 846,869 930,869 1014,870 1098,872 1181,873 1265,875 1349,877 1433,879 1516,881 1600,884 1684,886 1768,889"/>
                <TextEquiv>
                    <Unicode>Capitulo quarto decimo, que entre las dos sierras, de cabe tlalma</Unicode>
                </TextEquiv>
            </TextLine>
            <TextLine id="r1l13" custom="readingOrder {index:12;}">
                <Coords points="74,973 999,929 1733,989 1814,961 1815,901 74,888"/>
                <Baseline points="85,954 170,950 256,946 342,943 428,940 514,938 600,936 686,935 772,934 858,934 944,934 1029,935 1115,936 1201,937 1287,939 1373,941 1459,944 1545,946 1631,949 1717,952 1803,956"/>
                <TextEquiv>
                    <Unicode>nalco, que son la sierra neuada, y el vulcan, se le murieron de frio</Unicode>
                </TextEquiv>
            </TextLine>
            <TextLine id="r1l14" custom="readingOrder {index:13;}">
                <Coords points="73,1025 175,1060 449,1004 559,1057 611,1017 814,1004 1134,1039 1182,1022 1181,955 1000,931 957,969 825,941 559,969 517,938 72,974"/>
                <Baseline points="85,1015 139,1013 193,1011 247,1008 302,1007 356,1005 410,1004 465,1002 519,1001 573,1000 628,999 682,998 736,997 790,997 845,996 899,995 953,995 1008,994 1062,994 1116,994 1171,993"/>
                <TextEquiv>
                    <Unicode>sus pajes enanos, y corcobados. fol. 22.</Unicode>
                </TextEquiv>
            </TextLine>
            <TextLine id="r1l15" custom="readingOrder {index:14;}">
                <Coords points="320,1206 1578,1237 1578,1112 1492,1085 1305,1124 977,1081 896,1120 702,1090 457,1130 383,1088 320,1123"/>
                <Baseline points="333,1192 394,1189 456,1188 518,1186 579,1185 641,1184 703,1183 764,1182 826,1182 888,1181 950,1181 1011,1181 1073,1182 1135,1182 1196,1183 1258,1183 1320,1184 1381,1185 1443,1187 1505,1188 1567,1189"/>
                <TextEquiv>
                    <Unicode>Sumario del apendiz deste tercero libro.</Unicode>
                </TextEquiv>
            </TextLine>
            <TextLine id="r1l16" custom="readingOrder {index:15;}">
                <Coords points="199,1208 213,1209 220,1202 225,1202 231,1207 243,1196 262,1197 266,1128 250,1127 236,1120 231,1124 225,1121 217,1123 204,1120"/>
                <Baseline points="210,1203 250,1205"/>
                <TextEquiv>
                    <Unicode>t.</Unicode>
                </TextEquiv>
            </TextLine>
            <TextLine id="r1l17" custom="readingOrder {index:16;}">
                <Coords points="195,1263 212,1261 239,1268 241,1265 255,1268 262,1264 290,1266 294,1194 282,1194 277,1198 264,1188 257,1192 250,1187 229,1198 199,1191"/>
                <Baseline points="210,1214 246,1211 282,1218"/>
                <TextEquiv>
                    <Unicode>9</Unicode>
                </TextEquiv>
            </TextLine>
            <TextLine id="r1l18" custom="readingOrder {index:17;}">
                <Coords points="166,1264 183,1262 199,1271 215,1269 215,1128 192,1128 183,1137 166,1137"/>
                <Baseline points="178,1224 204,1224"/>
                <TextEquiv>
                    <Unicode>q</Unicode>
                </TextEquiv>
            </TextLine>
            <TextLine id="r1l19" custom="readingOrder {index:18;}">
                <Coords points="73,1336 1795,1364 1795,1271 1596,1297 1438,1229 74,1269"/>
                <Baseline points="85,1332 174,1330 263,1329 353,1327 442,1327 532,1326 621,1326 710,1326 800,1327 889,1327 979,1328 1068,1329 1158,1330 1247,1332 1336,1333 1426,1335 1515,1337 1605,1339 1694,1341 1784,1342"/>
                <TextEquiv>
                    <Unicode>Capitulo primero, de los que iuan al infierno, y de las obsequjas que</Unicode>
                </TextEquiv>
            </TextLine>
            <TextLine id="r1l20" custom="readingOrder {index:19;}">
                <Coords points="67,1436 143,1402 206,1431 224,1414 282,1413 336,1437 381,1415 453,1416 476,1399 497,1415 550,1395 549,1363 491,1334 451,1347 423,1329 364,1367 329,1350 309,1364 273,1335 192,1336 165,1356 137,1335 107,1345 65,1330"/>
                <Baseline points="79,1402 104,1402 129,1402 155,1402 180,1402 206,1401 231,1401 257,1400 282,1400 308,1399 333,1398 358,1397 384,1397 409,1396 435,1395 460,1394 486,1394 511,1394 537,1393"/>
                <TextEquiv>
                    <Unicode>los hazian. fol. 23.</Unicode>
                </TextEquiv>
            </TextLine>
            <TextLine id="r1l21" custom="readingOrder {index:20;}">
                <Coords points="68,1500 493,1540 584,1496 1210,1497 1671,1586 1673,1483 1529,1440 689,1441 540,1395 70,1437"/>
                <Baseline points="79,1487 158,1486 237,1485 316,1485 395,1484 474,1483 553,1482 632,1482 711,1482 790,1482 869,1483 948,1484 1027,1486 1106,1489 1185,1493 1264,1497 1343,1502 1422,1509 1501,1516 1580,1525 1660,1535"/>
                <TextEquiv>
                    <Unicode>Capitulo segundo, de los que yuan al parayso terrenal. fol. 27.</Unicode>
                </TextEquiv>
            </TextLine>
            <TextLine id="r1l22" custom="readingOrder {index:21;}">
                <Coords points="67,1604 1035,1562 1202,1605 1419,1590 1438,1520 67,1512"/>
                <Baseline points="78,1569 145,1569 212,1570 280,1569 347,1568 415,1568 482,1566 549,1565 617,1564 684,1563 752,1563 819,1562 886,1562 954,1563 1021,1564 1089,1565 1156,1568 1223,1571 1291,1575 1358,1580 1426,1586"/>
                <TextEquiv>
                    <Unicode>Capitulo tercero, de los que yuan al cielo. fol. 28.</Unicode>
                </TextEquiv>
            </TextLine>
            <TextLine id="r1l23" custom="readingOrder {index:22;}">
                <Coords points="71,1665 972,1648 1637,1741 1759,1722 1761,1609 71,1610"/>
                <Baseline points="81,1661 164,1659 247,1657 331,1654 414,1652 498,1651 581,1649 664,1648 748,1647 831,1647 915,1647 998,1648 1081,1650 1165,1652 1248,1656 1332,1659 1415,1664 1498,1670 1582,1676 1665,1684 1749,1694"/>
                <TextEquiv>
                    <Unicode>Capitulo quarto, de como la gente baxa, ofrecia a sus hijos, a la</Unicode>
                </TextEquiv>
            </TextLine>
            <TextLine id="r1l24" custom="readingOrder {index:23;}">
                <Coords points="65,1742 195,1773 527,1723 696,1760 760,1729 1197,1754 1234,1693 1083,1654 64,1691"/>
                <Baseline points="76,1733 133,1733 190,1732 247,1731 305,1729 362,1727 419,1726 477,1723 534,1721 591,1720 649,1718 706,1716 763,1715 820,1715 878,1715 935,1715 992,1716 1050,1719 1107,1722 1164,1726 1222,1731"/>
                <TextEquiv>
                    <Unicode>casa que se llamaua, Telpuchcali. fol. 29.</Unicode>
                </TextEquiv>
            </TextLine>
            <TextLine id="r1l25" custom="readingOrder {index:24;}">
                <Coords points="72,1836 1141,1805 1787,1862 1788,1765 1670,1738 73,1760"/>
                <Baseline points="83,1825 167,1820 252,1815 336,1811 421,1808 506,1805 590,1803 675,1801 759,1800 844,1800 929,1800 1013,1802 1098,1803 1182,1806 1267,1809 1352,1813 1436,1817 1521,1822 1605,1828 1690,1835 1775,1843"/>
                <TextEquiv>
                    <Unicode>Capitulo qujnto, de la manera de viujr, y exercicios que tenjan, los</Unicode>
                </TextEquiv>
            </TextLine>
            <TextLine id="r1l26" custom="readingOrder {index:25;}">
                <Coords points="78,1917 1056,1875 1316,1953 1633,1947 1755,1939 1756,1863 1142,1804 78,1831"/>
                <Baseline points="89,1895 171,1888 254,1883 337,1879 420,1876 503,1873 585,1872 668,1871 751,1871 834,1871 917,1873 999,1874 1082,1876 1165,1879 1248,1882 1331,1884 1413,1888 1496,1891 1579,1894 1662,1898 1745,1901"/>
                <TextEquiv>
                    <Unicode>que se criauan, en el telpuchcali: qujere dezir, casa donde se crian</Unicode>
                </TextEquiv>
            </TextLine>
            <TextLine id="r1l27" custom="readingOrder {index:26;}">
                <Coords points="71,1959 127,1953 166,1971 305,1954 437,1972 522,1944 559,1964 607,1947 606,1889 535,1900 467,1885 403,1908 352,1888 170,1915 128,1897 71,1926"/>
                <Baseline points="83,1951 108,1950 134,1949 159,1949 185,1948 211,1947 236,1947 262,1946 287,1946 313,1945 339,1944 364,1944 390,1943 415,1943 441,1942 467,1942 492,1941 518,1941 543,1940 569,1940 595,1939"/>
                <TextEquiv>
                    <Unicode>los mancebos. fol. 31.</Unicode>
                </TextEquiv>
            </TextLine>
            <TextLine id="r1l28" custom="readingOrder {index:27;}">
                <Coords points="73,2034 1777,2054 1777,1959 1475,1929 74,1963"/>
                <Baseline points="85,2023 169,2021 253,2019 337,2018 421,2016 505,2015 589,2014 673,2013 757,2013 841,2013 925,2013 1009,2014 1093,2014 1177,2016 1261,2017 1345,2019 1429,2022 1513,2024 1597,2027 1681,2031 1765,2035"/>
                <TextEquiv>
                    <Unicode>Capitulo sexto, de los castigos, que se hazian, a los que se emborracha</Unicode>
                </TextEquiv>
            </TextLine>
            <TextLine id="r1l29" custom="readingOrder {index:28;}">
                <Coords points="78,2100 171,2095 213,2111 231,2096 243,2105 268,2086 323,2080 363,2107 415,2076 455,2087 454,2038 431,2034 368,2043 287,2023 207,2048 77,2044"/>
                <Baseline points="89,2085 114,2084 139,2084 164,2083 189,2082 215,2081 240,2080 265,2080 290,2079 315,2079 341,2078 366,2078 391,2078 416,2078 442,2078"/>
                <TextEquiv>
                    <Unicode>uan. fol. 34.</Unicode>
                </TextEquiv>
            </TextLine>
            <TextLine id="r1l30" custom="readingOrder {index:29;}">
                <Coords points="70,2179 659,2201 1007,2149 1079,2206 1491,2225 1778,2200 1807,2133 1522,2147 1375,2075 71,2109"/>
                <Baseline points="81,2169 166,2166 252,2164 337,2163 423,2162 509,2162 594,2163 680,2164 765,2165 851,2167 937,2169 1022,2171 1108,2173 1193,2176 1279,2178 1365,2181 1450,2183 1536,2186 1621,2188 1707,2190 1793,2192"/>
                <TextEquiv>
                    <Unicode>Capitulo septimo, de como los señores, y gente principal, ofrecian sus</Unicode>
                </TextEquiv>
            </TextLine>
            <TextLine id="r1l31" custom="readingOrder {index:30;}">
                <Coords points="67,2243 317,2224 494,2277 539,2235 913,2227 987,2277 1144,2241 1417,2278 1385,2188 68,2192"/>
                <Baseline points="78,2227 144,2227 210,2227 277,2227 343,2227 410,2227 476,2227 542,2227 609,2227 675,2227 742,2228 808,2228 874,2229 941,2230 1007,2231 1074,2232 1140,2233 1206,2235 1273,2237 1339,2239 1406,2242"/>
                <TextEquiv>
                    <Unicode>hijos, a la casa, que se llamaua, calmecac. ibidem.</Unicode>
                </TextEquiv>
            </TextLine>
            <TextLine id="r1l32" custom="readingOrder {index:31;}">
                <Coords points="63,2317 745,2340 852,2297 981,2345 1586,2354 1771,2335 1772,2284 64,2243"/>
                <Baseline points="76,2306 160,2304 244,2303 328,2302 412,2301 497,2301 581,2301 665,2301 749,2302 833,2302 918,2304 1002,2305 1086,2306 1170,2308 1254,2310 1339,2311 1423,2313 1507,2315 1591,2317 1675,2319 1760,2320"/>
                <TextEquiv>
                    <Unicode>Capitulo octauo, de las costumbres, que se guardauan en la casa,</Unicode>
                </TextEquiv>
            </TextLine>
            <TextLine id="r1l33" custom="readingOrder {index:32;}">
                <Coords points="79,2403 243,2363 323,2374 368,2415 566,2363 742,2362 772,2388 839,2364 892,2389 959,2370 959,2313 78,2318"/>
                <Baseline points="89,2369 131,2369 174,2368 217,2368 260,2367 303,2366 346,2365 389,2365 432,2364 475,2364 518,2363 560,2363 603,2363 646,2363 689,2363 732,2363 775,2363 818,2364 861,2364 904,2365 947,2366"/>
                <TextEquiv>
                    <Unicode>que se llamaua calmecac. fol. 37.</Unicode>
                </TextEquiv>
            </TextLine>
            <TextLine id="r1l34" custom="readingOrder {index:33;}">
                <Coords points="67,2472 1793,2510 1795,2427 1057,2416 936,2368 810,2408 741,2363 68,2407"/>
                <Baseline points="80,2445 165,2445 250,2445 335,2445 420,2446 505,2446 590,2447 676,2447 761,2448 846,2449 931,2450 1016,2451 1101,2453 1186,2454 1272,2456 1357,2458 1442,2460 1527,2462 1612,2464 1697,2466 1783,2469"/>
                <TextEquiv>
                    <Unicode>Capitulo nono, de las electiones de los summos sacerdotes, que siempre</Unicode>
                </TextEquiv>
            </TextLine>
            <TextLine id="r1l35" custom="readingOrder {index:34;}">
                <Coords points="69,2519 131,2536 199,2508 267,2530 288,2521 320,2550 395,2569 537,2550 540,2471 478,2464 450,2477 416,2461 359,2482 293,2473 268,2451 249,2466 71,2473"/>
                <Baseline points="81,2507 107,2506 133,2505 159,2505 185,2505 212,2507 238,2508 264,2509 290,2511 317,2513 343,2515 369,2517 395,2518 422,2519 448,2519 474,2519 500,2518 527,2516"/>
                <TextEquiv>
                    <Unicode>eran dos. fol. 39.</Unicode>
                </TextEquiv>
            </TextLine>
            <TextLine id="r1l36" custom="readingOrder {index:35;}">
                <Coords points="1588,2587 1597,2589 1602,2587 1606,2591 1620,2594 1639,2506 1628,2503 1623,2504 1619,2499 1608,2496"/>
                <Baseline points="1600,2587 1610,2589"/>
                <TextEquiv>
                    <Unicode>h</Unicode>
                </TextEquiv>
            </TextLine>
            <TextEquiv>
                <Unicode>Capitulo qujnto, de vn embuste, que hizo el nigromantico, llamado Titlacaoā. fol. 12.
Capitulo sexto, de como los de tulla, se enojaron, contra quetzalcoatl. fol. 14.
Capitulo septimo, de otro embuste, que hizo el sobredicho nigromantico,
con que mato muchos, de los de tulla. fol. 15
Capitulo octauo, de otro enbuste, con que mato muchos mas. fol. 16.
Capitulo nono, de otro enbuste, con que mato muchos otros. fol. 17.
Capitulo decimo, de otro enbuste, con que māto el mismo nigromantico. fol. 18.
Capitulo vndecimo, de otro enbuste. fol. 19.
Capitulo duodecimo, de la huyda de quetzalcoatl. fol. 20
Capitulo tredecimo, de las memorias, que dexo quetzalcoatl, por las tie
rras donde pasaua. ibidem.
Capitulo quarto decimo, que entre las dos sierras, de cabe tlalma
nalco, que son la sierra neuada, y el vulcan, se le murieron de frio
sus pajes enanos, y corcobados. fol. 22.
Sumario del apendiz deste tercero libro.
t.
9
q
Capitulo primero, de los que iuan al infierno, y de las obsequjas que
los hazian. fol. 23.
Capitulo segundo, de los que yuan al parayso terrenal. fol. 27.
Capitulo tercero, de los que yuan al cielo. fol. 28.
Capitulo quarto, de como la gente baxa, ofrecia a sus hijos, a la
casa que se llamaua, Telpuchcali. fol. 29.
Capitulo qujnto, de la manera de viujr, y exercicios que tenjan, los
que se criauan, en el telpuchcali: qujere dezir, casa donde se crian
los mancebos. fol. 31.
Capitulo sexto, de los castigos, que se hazian, a los que se emborracha
uan. fol. 34.
Capitulo septimo, de como los señores, y gente principal, ofrecian sus
hijos, a la casa, que se llamaua, calmecac. ibidem.
Capitulo octauo, de las costumbres, que se guardauan en la casa,
que se llamaua calmecac. fol. 37.
Capitulo nono, de las electiones de los summos sacerdotes, que siempre
eran dos. fol. 39.
h</Unicode>
            </TextEquiv>
        </TextRegion>
    </Page>
</PcGts>
