1964 2736
417 -1 698 117 libro. 1.
94 140 976 216 dios: enesto, que era como sacrificio, o ofrenda.
77 201 970 289 Y de quatro en quatro años, haziase, esta fiesta,
92 251 984 326 muy solenne: y hazia areyto, el señor, con todos
90 308 965 378 sus principales: delante de la casa, o templo,
86 346 980 440 deste dios. Y enesta fiesta, de quatro en qua
97 402 975 487 tro años, no solamente los viejos, y viejas, be
90 476 969 566 ujan vino, o pulque: pero todos moços, y moças,
101 519 974 600 njños, y njñas, lo beujan: por esso se llamaua
97 568 967 649 esta fiesta, pillaoano, que qujere dezir: fiesta
103 631 983 705 donde los njños, y njñas, beuen el vino, o pulcre.
86 665 973 776 Y dauan padrinos, y madrjnas, alos njños: y
89 737 980 816 buscauan se los, sus padres, y madres: y dauā
96 801 986 864 los, algunos dones: estos padrinos, y madrinas,
96 835 970 919 lleuaua acuestas, alos njños, y njñas, q̄ eran
97 882 980 985 sus ahijados: al templo deste dios, del fuego.
119 941 974 1030 Tambien le llamauan, ixcoçauhquj: alli de
107 999 971 1078 lante del, agujerauan las orejas, atodos los
110 1051 974 1133 njños, y njñas: señalauanlos desta señal, e
104 1107 971 1199 presencia de sus padrinos, y madrinas: q̄ los
113 1155 981 1226 llamavan, ymaujoan, yntlaoan: hecho es
101 1211 958 1284 to, comjan todos juntos, padres, y madres,
108 1250 967 1350 padrinos, y madrjnas, niños, y njñas. La y
113 1316 965 1387 magen deste dios, se pintauan, vn hombre
112 1357 982 1435 desnudo: el qual tenja, la barba, teñjda cō
110 1414 968 1482 la resina, que es llamada vlli, q̄ es negra: y
114 1453 976 1527 vn barbote de piedra colorada, ens agu
116 1507 980 1585 jero de la barba. Tenja en la cabeça, vna
113 1541 995 1622 corona de papel: pintada de djuersas colores
111 1594 990 1684 y de diuersos labores: en lo alto de la corona,
114 1640 982 1716 tenja vnos penachos, de plumas verdes: a
123 1675 957 1753 manera de llamas de fuego: tenja vnas
122 1723 977 1807 borlas de pluma, azia los lados: como pen
121 1768 1000 1849 dientes, azia las orejas. Tenja vnas orejeras
120 1815 982 1905 en los agujeros, de las orejas: labradas de tur
118 1866 991 1967 quesas, de labor mosayco. Tenja acuestas, vn
118 1917 972 2011 plumaje: hecho amanera, de vna cabeça
122 1968 987 2043 de vn dragon, labrado de plumas amarillas.
119 2002 991 2087 cō vnos caracolitos mariscos. Tenja vnos casca
123 2042 1009 2132 ueles, atados alas gargātas, de los pies. Tenja
128 2093 971 2176 enla mano izqujerda, vna rodela, con cinco
120 2131 976 2234 piedras verdes: q̄ se llaman chalchiujtes: pu
126 2177 975 2285 estos amanera de cruz, sobre vna chapa de
133 2225 997 2313 oro, casi cubria, toda la rodela. En la mano
131 2276 980 2355 derecha, tenja vna manera de cetro: que
130 2319 971 2404 era vna chapa de oro, redonda, agujerada
128 2354 979 2454 por el medio: y sobre ella, vn remate dedos
131 2402 994 2500 globos: otro mayor, y otro menor, cō vna pū
121 2450 972 2546 ta, sobre el menor. llamauan aeste cetro,
125 2498 980 2592 tlachiclonj, que qujere dezir: mjradero, omj
121 2546 981 2645 rador: porque conel, occultaua la cara, ymj
121 2594 969 2694 raua por el agujero de medio, de la chapa
154 2674 229 2731 te os
1092 -1 1516 120 de los dioses
1011 133 1882 253 mamatihuja, vmpa qujmoncaoa
1010 222 1934 356 ia, yn iteupan ixcoçauhquj: vmpa
1026 336 1872 461 qujnnacazxapotlaia, qujnna
1021 420 1835 536 cazcoionjaia: iuhqujn ic qujn
1021 540 1848 654 machiotiaia, ynjc qujmitta,
1029 628 1842 775 yntlaoan, ymaujoan: çate
1031 724 1860 869 pan tlaqualo. Jn jnechichi
1025 840 1890 943 oal catca: tliltica motenujltec,
1033 932 1866 1068 chalchiuhtetele, xiuhtotoa
1028 1052 1878 1167 macale, quetzalmjiaoaio, mj
1034 1144 1931 1282 tzone, tlacotztzone, xiuhcooana
1023 1270 1881 1383 coche, amacozneapanale, no
1026 1360 1890 1477 tzitzile, cocujole, xiuhtezcatla
1037 1451 1873 1588 tlapanquj yn jchimal, tlachi
1033 1585 1256 1702 el topile.
1170 1799 1830 1931 nic matlactli vnnavi
1052 1916 1842 2050 capitulo: itechpa tlatoa in
1034 2015 1903 2161 teutl, yn itoca: macuilxochitl,
1045 2130 1535 2258 yoan xochipilli.
1058 2300 1851 2430 Çan neneuhque, ynjc neteu
1035 2399 1842 2524 tiloia tecpantzinca inteuh: y
1023 2496 1844 2621 njquac neçaujliloia intla aca
1029 2587 1859 2716 toqujchti ipan cioacochiz, ano
