2642 4296
575 64 1059 214 del libro
91 231 1295 376 lacriatura que tenja enel vientre nā
90 350 1256 485 ceria mellados los beços y por esto
85 424 1269 553 las prenadas no osauan mjrar al
75 513 1294 667 ecclipli. Y poraque esto no aconteciesse
68 616 1300 767 si mjrabe el ecclipli: pona se vna na
80 717 1271 845 uajerela depedra negra, en el señno.
75 795 1258 956 que tocasse a la carne Pambien
80 873 1257 1042 dezian, que la muger prenada:
65 970 1294 1140 li mascaua aquel betun, que llamā
61 1075 1271 1248 tzictli: la criatura quando naciej
58 1175 1274 1327 le, que aconteceuia aquello, que lla
54 1301 1255 1399 man motentzoponjz, que mueren
42 1380 1266 1519 dello, las criaturas rezien nacidas:
50 1484 1225 1651 y causasse de que quando mama
54 1569 1234 1731 la criatura, si su madre depresto,
37 1674 1247 1809 lasaca la teta, de la boca, lastimajse
54 1778 1228 1930 en el paladar: y luego queda mortal.
34 1873 1238 2037 Tambien dezian, que la muger pre
43 1967 1256 2122 ñada: si anduujesse de noche, lacria
32 2081 1238 2204 tura que naciesse: seria muy llora
45 2179 1221 2308 cera.Y si el padre andaua de noche
48 2291 1238 2425 yvia alguna estantigua: loque naci
43 2365 1239 2539 esse, tendria mal decoracon. Y pa
31 2464 1217 2613 ra remedio desto, la muger prena
24 2555 1226 2715 da: quando andaua de noche: po
30 2656 1240 2811 njase, vnas chinas en el seno, o vn
25 2762 1249 2914 poco de cenjra del hogar, o vnos po
38 2856 1221 2997 cos de aiensos: que llaman yztauh
25 2963 1216 3101 iatl. Itambien los hombres: se poni
26 3069 1236 3197 an en el seno chinas, o picietl: para
37 3165 1235 3325 escular el peligro del hjjo, que estaua
29 3260 1222 3412 enel vientre de la madre. Y si estono
21 3367 1217 3486 hazian, dezian: que lacriatura, nace
15 3461 1224 3577 ria con enfermedad: que llaman ayo
14 3564 1201 3674 mama, o con otra enfermedad, que
13 3626 1226 3767 llaman cuetzpaliciviztli, o conloba
1 3727 698 3860 njllos en las inoles.
2 3794 1146 4005 Capitulo veynte, de la
-11 3939 873 4102 mano de la mona
1554 89 1670 208 si
2405 108 2644 228 fo. 20.
1374 245 2575 382 tenquatic iez in iconeuh. Auh injc
1375 340 2618 497 qujpaleviaia otztli: ytztli ixillan con
1377 457 2611 591 tecaia, qujlic amotenquaiviz inpil
1372 548 2570 655 tontli. Amono vel qujquaquaz in
1384 633 2560 782 chapuputli, qujlic amo motentzo
1380 753 2590 874 poniz in piltontli: in jquac otlacat:
1374 831 2583 996 Ioan, amo vel iooalnenemjz, qujlcen
1359 939 2589 1074 ca chocanj iez in iconeuh: no iuhquj
1352 1058 2535 1168 in toqujchtin: amo no vel iooalne
1355 1155 2541 1270 nemjz, anoçe itla qujmonamjc
1345 1221 2582 1362 tiz, aço mjmjqujz. Auh injc amo
1344 1322 2538 1463 iuh ipan muchiooaz otztli: xaltetl,
1348 1420 2575 1540 anoço tleconextli ixillan qujtema
1335 1512 2560 1655 anoço iztauhiatl. Auh in toqujch
1341 1605 2564 1733 tin xaltetl, anoço picietl: iehica
1336 1715 2571 1856 qujlno vncan qujcuj, in qujtoa: nio
1346 1796 2576 1917 mama: Auh injc neci aiomama,
1352 1898 2582 2036 ycujtlapanca, iuhqujnposatontli, iuh
1325 1997 2537 2143 qujn texotic, anoce cuetzpaliciviz
1326 2082 2544 2242 tli. Jnjc neci cuetzpalicivi pilton
1327 2171 2543 2317 tli: ceceiooal in choca, yoan yque
1315 2296 2521 2417 xilco, yciacac motlatlalia nacato
1316 2405 2608 2524 tonti, ololtotonti, melactotonti. Auh
1315 2492 2534 2629 injcpati: qujxoxotla, qujqujqujx
1317 2586 2581 2709 tia in nacatotonti. Ioan in otztli:
1326 2691 2534 2827 in jquac aiamovel tlacatl motla
1304 2793 2541 2934 lia in jconeuh, qujntlacaoaltiaia,
1315 2872 2503 3021 in jquac oalmomana metztli: injc
1303 2975 2513 3120 amo conacopa ittazque, qujmjl
1301 3097 2543 3241 hujaia: macamo xoconjtlacan in
1315 3178 2511 3335 metztli, mjmjqujz, anoce ten
1308 3326 2216 3438 quaiviz in amoconeuh.
1297 3523 2483 3806 Injc cempoalli capitulo,
1289 3755 2485 3926 ytechpa tlatoa: in ocoma
1291 3903 1885 4067 tli ymacpal:
2419 4112 2507 4205 zsi
