<?xml version="1.0" encoding="UTF-8" standalone="yes"?>
<PcGts xmlns="http://schema.primaresearch.org/PAGE/gts/pagecontent/2013-07-15" xmlns:xsi="http://www.w3.org/2001/XMLSchema-instance" xsi:schemaLocation="http://schema.primaresearch.org/PAGE/gts/pagecontent/2013-07-15 http://schema.primaresearch.org/PAGE/gts/pagecontent/2013-07-15/pagecontent.xsd">
    <Metadata>
        <Creator>prov=University of Rostock/Institute of Mathematics/CITlab|PLANET AI GmbH/Gundram Leifert/gundram.leifert@planet-ai.de:name=Florentine Codex(htr_id=24784)::::v=2.6.6
prov=University of Rostock/Institute of Mathematics/CITlab|PLANET AI GmbH/Tobias Gruening/tobias.gruening@planet-ai.de:name=de.uros.citlab.module.baseline2polygon.B2PSeamMultiOriented:v=2.6.6
prov=University of Rostock/Institute of Mathematics/CITlab|PLANET AI GmbH/Tobias Gruening/tobias.gruening@planet-ai.de:name=/net_tf/LA73_249_0mod360.pb:de.uros.citlab.segmentation.CITlab_LA_ML:v=2.6.6
Transkribus</Creator>
        <Created>2020-06-23T15:23:33.811-07:00</Created>
        <LastChange>2020-06-24T06:30:53.318+02:00</LastChange>
    </Metadata>
    <Page imageFilename="FC_Vol_1_192.png" imageWidth="2548" imageHeight="3938">
        <ReadingOrder>
            <OrderedGroup id="ro_1596736941671" caption="Regions reading order">
                <RegionRefIndexed index="0" regionRef="r1"/>
                <RegionRefIndexed index="1" regionRef="r2"/>
            </OrderedGroup>
        </ReadingOrder>
        <TextRegion orientation="0.0" id="r1" custom="readingOrder {index:0;}">
            <Coords points="113,83 113,3818 1281,3818 1281,83"/>
            <TextLine id="r1l1" custom="readingOrder {index:0;}">
                <Coords points="564,168 652,151 698,170 719,155 819,186 843,166 907,171 1011,145 1086,168 1086,70 1019,37 757,6 565,44"/>
                <Baseline points="572,132 597,130 622,126 648,125 673,123 698,121 724,120 749,120 774,120 800,120 825,120 850,121 876,122 901,123 926,123 952,125 977,126 1002,127 1028,128 1053,128 1079,129"/>
                <TextEquiv>
                    <Unicode>Lbro. E.</Unicode>
                </TextEquiv>
            </TextLine>
            <TextLine id="r1l2" custom="readingOrder {index:1;}">
                <Coords points="128,337 1271,315 1270,252 1126,228 955,259 499,219 388,261 127,238"/>
                <Baseline points="135,306 191,305 247,303 304,303 360,302 417,300 473,300 529,299 586,299 642,299 699,297 755,297 811,297 868,297 924,299 981,299 1037,299 1093,300 1150,302 1206,303 1263,305"/>
                <TextEquiv>
                    <Unicode>papel, en las frentes froncidas, ama</Unicode>
                </TextEquiv>
            </TextLine>
            <TextLine id="r1l3" custom="readingOrder {index:2;}">
                <Coords points="124,390 624,408 1049,370 1134,410 1288,388 1288,341 843,305 124,344"/>
                <Baseline points="131,378 188,375 246,374 303,372 361,371 418,369 476,369 533,369 591,369 648,369 706,369 763,371 821,371 878,372 936,373 993,374 1051,375 1108,377 1166,378 1223,378 1281,380"/>
                <TextEquiv>
                    <Unicode>nera de rosas de papel, todos los satra</Unicode>
                </TextEquiv>
            </TextLine>
            <TextLine id="r1l4" custom="readingOrder {index:3;}">
                <Coords points="112,492 526,443 1245,464 1255,394 826,408 793,375 579,420 321,381 261,417 112,411"/>
                <Baseline points="120,456 176,453 232,450 289,448 345,446 402,444 458,444 514,443 571,443 627,443 684,443 740,443 796,443 853,444 909,446 966,446 1022,447 1078,449 1135,450 1191,452 1248,453"/>
                <TextEquiv>
                    <Unicode>pas, lleuauan en plumado las cabe</Unicode>
                </TextEquiv>
            </TextLine>
            <TextLine id="r1l5" custom="readingOrder {index:4;}">
                <Coords points="127,557 254,524 352,561 488,517 622,546 1083,523 1129,567 1265,534 1265,456 678,442 602,481 465,449 128,483"/>
                <Baseline points="134,527 190,524 246,522 302,519 358,518 414,516 470,516 527,516 583,515 639,515 695,516 751,516 807,516 863,518 920,518 976,519 1032,521 1088,521 1144,522 1200,524 1257,525"/>
                <TextEquiv>
                    <Unicode>ças, con pluma blanca de oallina, y lle</Unicode>
                </TextEquiv>
            </TextLine>
            <TextLine id="r1l6" custom="readingOrder {index:5;}">
                <Coords points="121,611 719,631 1080,598 1139,637 1192,604 1284,630 1284,549 1126,563 1078,524 960,555 907,511 747,562 556,516 121,558"/>
                <Baseline points="128,602 185,599 242,596 300,594 357,593 415,591 472,591 530,591 587,591 645,591 702,591 759,591 817,593 874,593 932,594 989,594 1047,594 1104,596 1162,596 1219,596 1277,594"/>
                <TextEquiv>
                    <Unicode>uauan los labios, y parte de los rostros</Unicode>
                </TextEquiv>
            </TextLine>
            <TextLine id="r1l7" custom="readingOrder {index:6;}">
                <Coords points="115,688 848,667 915,705 1038,661 1270,681 1282,629 366,604 114,643"/>
                <Baseline points="122,678 179,675 237,674 294,671 352,669 410,668 467,667 525,666 582,665 640,665 698,665 755,665 813,665 870,665 928,665 986,665 1043,665 1101,666 1158,666 1216,666 1274,668"/>
                <TextEquiv>
                    <Unicode>en melados: demanera que re lucia</Unicode>
                </TextEquiv>
            </TextLine>
            <TextLine id="r1l8" custom="readingOrder {index:7;}">
                <Coords points="127,777 738,738 1228,765 1239,690 235,673 126,716"/>
                <Baseline points="134,752 188,750 243,749 298,747 353,745 408,744 463,742 518,740 573,739 628,738 683,737 737,737 792,735 847,735 902,735 957,736 1012,737 1067,738 1122,739 1177,741 1232,743"/>
                <TextEquiv>
                    <Unicode>lamjel, sobre la tintura de la cara:</Unicode>
                </TextEquiv>
            </TextLine>
            <TextLine id="r1l9" custom="readingOrder {index:8;}">
                <Coords points="125,837 711,854 862,817 1273,852 1272,777 1099,744 125,776"/>
                <Baseline points="132,825 188,823 245,821 301,819 358,818 415,816 471,815 528,813 585,812 641,812 698,811 755,810 811,810 868,810 925,812 981,812 1038,813 1095,815 1151,816 1208,819 1265,821"/>
                <TextEquiv>
                    <Unicode>la qual siempre trayan teñjda de ne</Unicode>
                </TextEquiv>
            </TextLine>
            <TextLine id="r1l10" custom="readingOrder {index:9;}">
                <Coords points="133,908 247,937 776,888 1127,892 1165,926 1273,899 1272,852 1076,835 758,827 671,860 328,829 132,867"/>
                <Baseline points="140,902 196,902 252,900 308,899 365,897 421,896 477,894 534,893 590,891 646,890 703,888 759,887 815,887 871,885 928,885 984,885 1040,887 1097,887 1153,889 1209,891 1266,894"/>
                <TextEquiv>
                    <Unicode>oro: los satrapas, lleuauan vnos pa</Unicode>
                </TextEquiv>
            </TextLine>
            <TextLine id="r1l11" custom="readingOrder {index:10;}">
                <Coords points="129,992 553,957 1271,993 1270,912 1166,927 1123,892 976,932 642,907 599,946 129,907"/>
                <Baseline points="137,977 193,977 249,977 305,975 362,975 418,974 474,972 531,971 587,970 643,969 700,968 756,966 812,966 868,966 925,966 981,966 1037,966 1094,968 1150,969 1206,972 1263,975"/>
                <TextEquiv>
                    <Unicode>nos menores de ellos vsauan depa</Unicode>
                </TextEquiv>
            </TextLine>
            <TextLine id="r1l12" custom="readingOrder {index:11;}">
                <Coords points="107,1089 699,1050 1084,1052 1163,1088 1272,1069 1272,993 467,979 106,1019"/>
                <Baseline points="114,1061 171,1059 229,1056 286,1055 344,1052 401,1050 459,1049 516,1047 574,1046 631,1046 689,1044 747,1044 804,1044 862,1044 919,1046 977,1047 1034,1049 1092,1051 1149,1055 1207,1058 1265,1062"/>
                <TextEquiv>
                    <Unicode>pel, que llamauan, amamastli: ylle</Unicode>
                </TextEquiv>
            </TextLine>
            <TextLine id="r1l13" custom="readingOrder {index:12;}">
                <Coords points="134,1153 982,1127 1256,1173 1255,1067 134,1099"/>
                <Baseline points="141,1140 196,1137 251,1133 307,1130 362,1128 417,1127 473,1125 528,1124 583,1124 639,1122 694,1122 749,1122 805,1124 860,1124 915,1125 971,1125 1026,1128 1081,1128 1137,1131 1192,1133 1248,1134"/>
                <TextEquiv>
                    <Unicode>uauan en las manos vnos cetros de</Unicode>
                </TextEquiv>
            </TextLine>
            <TextLine id="r1l14" custom="readingOrder {index:13;}">
                <Coords points="115,1248 380,1201 553,1242 605,1200 1249,1250 1249,1178 1154,1142 115,1173"/>
                <Baseline points="122,1218 178,1215 234,1212 290,1211 346,1208 402,1206 458,1205 514,1203 570,1202 626,1200 682,1200 738,1200 794,1200 850,1200 906,1202 962,1202 1018,1205 1074,1207 1130,1210 1186,1213 1242,1218"/>
                <TextEquiv>
                    <Unicode>palma, en la punta delos quales, y</Unicode>
                </TextEquiv>
            </TextLine>
            <TextLine id="r1l15" custom="readingOrder {index:14;}">
                <Coords points="115,1309 892,1278 996,1329 1271,1306 1271,1244 693,1201 547,1251 487,1216 406,1254 115,1262"/>
                <Baseline points="122,1295 179,1292 236,1290 293,1287 350,1285 407,1283 464,1281 521,1280 578,1278 635,1278 692,1277 749,1277 806,1277 863,1278 920,1278 977,1281 1034,1283 1091,1286 1148,1289 1205,1293 1263,1298"/>
                <TextEquiv>
                    <Unicode>ua vna flor, de pluma negra, y en</Unicode>
                </TextEquiv>
            </TextLine>
            <TextLine id="r1l16" custom="readingOrder {index:15;}">
                <Coords points="121,1396 578,1365 729,1394 883,1357 1189,1407 1252,1397 1252,1308 121,1320"/>
                <Baseline points="128,1374 183,1371 239,1369 295,1366 351,1364 407,1362 463,1361 518,1359 574,1358 630,1358 686,1356 742,1356 798,1357 854,1358 909,1359 965,1361 1021,1362 1077,1364 1133,1367 1189,1370 1245,1374"/>
                <TextEquiv>
                    <Unicode>lo baxo, vna bola, tambien de plu</Unicode>
                </TextEquiv>
            </TextLine>
            <TextLine id="r1l17" custom="readingOrder {index:16;}">
                <Coords points="125,1451 429,1436 507,1468 716,1431 1248,1463 1248,1395 1031,1404 927,1367 842,1398 126,1401"/>
                <Baseline points="132,1445 187,1441 242,1437 298,1434 353,1433 409,1431 464,1430 520,1430 575,1428 631,1430 686,1430 741,1431 797,1432 852,1433 908,1436 963,1437 1019,1440 1074,1442 1130,1445 1185,1446 1241,1449"/>
                <TextEquiv>
                    <Unicode>ma negra, por remate del cetro: aes</Unicode>
                </TextEquiv>
            </TextLine>
            <TextLine id="r1l18" custom="readingOrder {index:17;}">
                <Coords points="122,1521 739,1505 815,1547 1034,1522 1243,1557 1278,1478 123,1464"/>
                <Baseline points="129,1514 186,1509 243,1505 300,1503 357,1502 414,1500 471,1500 528,1500 585,1500 642,1502 699,1503 756,1506 813,1508 870,1511 927,1514 984,1517 1041,1521 1098,1525 1155,1528 1212,1532 1269,1535"/>
                <TextEquiv>
                    <Unicode>te cetro llamauan cujtlacuchtli, por</Unicode>
                </TextEquiv>
            </TextLine>
            <TextLine id="r1l19" custom="readingOrder {index:18;}">
                <Coords points="137,1604 558,1584 657,1625 840,1601 1174,1635 1255,1628 1257,1559 871,1522 722,1549 614,1508 139,1526"/>
                <Baseline points="144,1586 199,1583 254,1581 309,1580 364,1579 420,1578 475,1580 530,1580 585,1582 640,1584 696,1586 751,1589 806,1590 861,1593 916,1596 972,1599 1027,1601 1082,1603 1137,1605 1192,1607 1248,1607"/>
                <TextEquiv>
                    <Unicode>razon de la bola, que lleuaua abaxo,</Unicode>
                </TextEquiv>
            </TextLine>
            <TextLine id="r1l20" custom="readingOrder {index:19;}">
                <Coords points="131,1683 1229,1693 1256,1630 641,1627 592,1595 132,1620"/>
                <Baseline points="138,1667 193,1664 249,1662 304,1661 360,1661 415,1661 471,1661 526,1661 582,1662 637,1664 693,1665 748,1667 804,1668 859,1671 915,1673 970,1674 1026,1676 1081,1677 1137,1679 1192,1680 1248,1680"/>
                <TextEquiv>
                    <Unicode>en el remate la parte por donde lle</Unicode>
                </TextEquiv>
            </TextLine>
            <TextLine id="r1l21" custom="readingOrder {index:20;}">
                <Coords points="134,1751 290,1743 383,1797 594,1727 972,1793 1227,1762 1228,1687 1027,1720 471,1667 370,1712 135,1705"/>
                <Baseline points="141,1740 197,1740 254,1740 311,1740 368,1740 424,1742 481,1742 538,1743 595,1743 652,1745 708,1745 765,1746 822,1748 879,1749 936,1751 992,1752 1049,1753 1106,1755 1163,1756 1220,1757"/>
                <TextEquiv>
                    <Unicode>uauan assidos estos cetros, yua en</Unicode>
                </TextEquiv>
            </TextLine>
            <TextLine id="r1l22" custom="readingOrder {index:21;}">
                <Coords points="125,1842 343,1809 552,1856 891,1828 1223,1868 1224,1765 1063,1797 837,1761 458,1759 382,1797 293,1751 126,1773"/>
                <Baseline points="132,1820 186,1821 240,1821 294,1823 349,1823 403,1823 457,1823 511,1821 566,1821 620,1821 674,1821 728,1821 783,1821 837,1823 891,1823 945,1824 1000,1826 1054,1829 1108,1831 1162,1835 1217,1839"/>
                <TextEquiv>
                    <Unicode>buelta con vn papelpintado, de lis</Unicode>
                </TextEquiv>
            </TextLine>
            <TextLine id="r1l23" custom="readingOrder {index:22;}">
                <Coords points="124,1920 402,1905 565,1951 1173,1914 1232,1949 1233,1876 1004,1838 805,1875 399,1837 125,1870"/>
                <Baseline points="132,1898 186,1898 241,1898 296,1898 350,1898 405,1898 460,1898 514,1898 569,1898 624,1899 679,1899 733,1899 788,1901 843,1901 897,1902 952,1904 1007,1905 1061,1907 1116,1910 1171,1913 1226,1917"/>
                <TextEquiv>
                    <Unicode>tas orayas negras: y quando estos y</Unicode>
                </TextEquiv>
            </TextLine>
            <TextLine id="r1l24" custom="readingOrder {index:23;}">
                <Coords points="109,1984 625,1985 692,2022 921,1973 1239,2008 1239,1951 1172,1916 565,1950 343,1903 268,1953 109,1950"/>
                <Baseline points="117,1979 172,1979 228,1979 284,1977 340,1977 395,1976 451,1976 507,1975 563,1974 618,1974 674,1974 730,1974 786,1974 841,1976 897,1977 953,1979 1009,1981 1064,1984 1120,1988 1176,1993 1232,1998"/>
                <TextEquiv>
                    <Unicode>uan dancando, llegauan al suelo, co</Unicode>
                </TextEquiv>
            </TextLine>
            <TextLine id="r1l25" custom="readingOrder {index:24;}">
                <Coords points="113,2074 356,2056 499,2093 983,2055 1173,2090 1234,2064 1234,2006 865,1977 709,2022 460,1991 340,2028 203,1982 113,2022"/>
                <Baseline points="120,2061 175,2060 230,2060 285,2058 341,2057 396,2057 451,2055 507,2054 562,2054 617,2052 673,2052 728,2052 783,2052 838,2052 894,2052 949,2054 1004,2055 1060,2058 1115,2061 1170,2065 1226,2070"/>
                <TextEquiv>
                    <Unicode>el catro, como sustentandose enel, se</Unicode>
                </TextEquiv>
            </TextLine>
            <TextLine id="r1l26" custom="readingOrder {index:25;}">
                <Coords points="106,2186 240,2130 517,2174 955,2129 1242,2163 1242,2088 1111,2112 1043,2061 788,2096 684,2062 536,2101 350,2065 106,2082"/>
                <Baseline points="113,2141 169,2139 225,2136 281,2134 337,2132 393,2130 449,2129 505,2127 561,2127 617,2126 674,2126 730,2126 786,2126 842,2127 898,2129 954,2129 1010,2130 1066,2133 1122,2135 1178,2138 1235,2141"/>
                <TextEquiv>
                    <Unicode>gun los pasos que yuan dando : y los</Unicode>
                </TextEquiv>
            </TextLine>
            <TextLine id="r1l27" custom="readingOrder {index:26;}">
                <Coords points="111,2269 189,2231 372,2245 424,2207 835,2246 905,2208 1143,2255 1233,2217 1233,2171 312,2139 111,2185"/>
                <Baseline points="119,2216 174,2213 229,2210 285,2208 340,2205 395,2204 451,2203 506,2202 561,2202 617,2202 672,2202 727,2202 783,2204 838,2205 893,2205 949,2207 1004,2208 1059,2210 1115,2211 1170,2213 1226,2214"/>
                <TextEquiv>
                    <Unicode>que hazian el son, para baylar, es</Unicode>
                </TextEquiv>
            </TextLine>
            <TextLine id="r1l28" custom="readingOrder {index:27;}">
                <Coords points="126,2307 336,2278 1232,2303 1247,2233 1052,2265 964,2224 710,2251 672,2218 620,2259 434,2221 127,2255"/>
                <Baseline points="134,2292 189,2289 244,2285 299,2283 355,2280 410,2279 465,2279 520,2279 576,2279 631,2279 686,2280 741,2281 797,2282 852,2283 907,2285 962,2286 1018,2288 1073,2289 1128,2289 1183,2291 1239,2291"/>
                <TextEquiv>
                    <Unicode>tauan dentro, de vna casa, que lla</Unicode>
                </TextEquiv>
            </TextLine>
            <TextLine id="r1l29" custom="readingOrder {index:28;}">
                <Coords points="121,2374 664,2392 792,2363 983,2373 1027,2413 1237,2382 1238,2313 1037,2342 823,2283 675,2349 505,2280 378,2337 122,2337"/>
                <Baseline points="129,2366 184,2362 239,2360 294,2358 349,2357 404,2357 459,2357 514,2357 569,2358 624,2360 679,2361 734,2363 789,2364 844,2366 899,2367 954,2369 1009,2370 1064,2370 1119,2372 1174,2372 1230,2370"/>
                <TextEquiv>
                    <Unicode>mauan calpulco, demanera queno</Unicode>
                </TextEquiv>
            </TextLine>
            <TextLine id="r1l30" custom="readingOrder {index:29;}">
                <Coords points="115,2455 223,2479 362,2422 649,2469 840,2449 1055,2486 1123,2449 1175,2490 1239,2478 1240,2394 1161,2373 1035,2414 116,2390"/>
                <Baseline points="122,2448 177,2445 233,2442 288,2441 344,2439 399,2438 455,2438 510,2438 566,2438 621,2438 677,2439 732,2439 788,2441 843,2442 899,2444 954,2445 1010,2445 1065,2447 1121,2448 1176,2450 1232,2450"/>
                <TextEquiv>
                    <Unicode>seujan los vnos alos otros, nj losq̄</Unicode>
                </TextEquiv>
            </TextLine>
            <TextLine id="r1l31" custom="readingOrder {index:30;}">
                <Coords points="111,2557 1255,2531 1255,2473 1175,2490 1122,2451 1002,2491 841,2448 720,2478 536,2445 439,2492 112,2464"/>
                <Baseline points="119,2526 175,2523 231,2518 288,2515 344,2513 401,2511 457,2510 513,2510 570,2510 626,2510 683,2510 739,2511 795,2512 852,2514 908,2514 965,2517 1021,2519 1077,2520 1134,2522 1190,2523 1247,2525"/>
                <TextEquiv>
                    <Unicode>baylauan, alos que tañjan, ni los que</Unicode>
                </TextEquiv>
            </TextLine>
            <TextLine id="r1l32" custom="readingOrder {index:31;}">
                <Coords points="113,2633 411,2605 551,2649 669,2594 751,2643 816,2601 1220,2612 1219,2538 1067,2527 862,2521 810,2556 702,2522 594,2566 483,2532 377,2585 113,2558"/>
                <Baseline points="120,2609 174,2607 229,2604 283,2603 338,2601 393,2600 447,2598 502,2597 556,2595 611,2595 666,2594 720,2594 775,2594 829,2594 884,2595 939,2595 993,2597 1048,2598 1102,2601 1157,2604 1212,2607"/>
                <TextEquiv>
                    <Unicode>tanjan, alos que baylauan: estos</Unicode>
                </TextEquiv>
            </TextLine>
            <TextLine id="r1l33" custom="readingOrder {index:32;}">
                <Coords points="110,2735 233,2686 373,2722 514,2656 605,2702 1248,2702 1247,2613 779,2644 623,2603 569,2647 410,2605 109,2645"/>
                <Baseline points="116,2691 172,2689 228,2687 284,2685 341,2683 397,2682 453,2679 509,2678 566,2678 622,2677 678,2676 734,2676 791,2676 847,2676 903,2676 959,2676 1016,2678 1072,2678 1128,2679 1184,2680 1241,2682"/>
                <TextEquiv>
                    <Unicode>que tañjan, estauan todos sentados</Unicode>
                </TextEquiv>
            </TextLine>
            <TextLine id="r1l34" custom="readingOrder {index:33;}">
                <Coords points="128,2783 693,2764 1053,2806 1164,2774 1232,2818 1232,2728 1153,2689 994,2726 671,2685 602,2727 511,2692 128,2733"/>
                <Baseline points="135,2766 189,2765 243,2763 298,2762 352,2762 407,2760 461,2759 516,2759 570,2758 625,2757 679,2757 733,2757 788,2757 842,2759 897,2759 951,2760 1006,2762 1060,2763 1115,2766 1169,2768 1224,2771"/>
                <TextEquiv>
                    <Unicode>en medio dellos, estaua el atabal, y</Unicode>
                </TextEquiv>
            </TextLine>
            <TextLine id="r1l35" custom="readingOrder {index:34;}">
                <Coords points="116,2877 529,2889 683,2837 777,2876 930,2844 1234,2862 1234,2814 1163,2774 1081,2811 115,2786"/>
                <Baseline points="122,2846 177,2844 232,2844 287,2843 342,2843 398,2842 453,2841 508,2841 563,2841 618,2840 674,2840 729,2840 784,2840 839,2840 894,2841 950,2841 1005,2841 1060,2843 1115,2844 1170,2844 1226,2846"/>
                <TextEquiv>
                    <Unicode>todos tañjan sonajas, y otros instru</Unicode>
                </TextEquiv>
            </TextLine>
            <TextLine id="r1l36" custom="readingOrder {index:35;}">
                <Coords points="112,2938 1013,2916 1107,2961 1240,2933 1240,2865 989,2844 881,2883 684,2837 529,2892 113,2880"/>
                <Baseline points="120,2916 175,2916 231,2916 286,2916 342,2916 398,2915 453,2915 509,2915 565,2913 620,2913 676,2913 732,2913 787,2913 843,2913 899,2914 954,2915 1010,2916 1066,2918 1121,2919 1177,2922 1233,2925"/>
                <TextEquiv>
                    <Unicode>mentos, que ellos vsan, en los areytos,</Unicode>
                </TextEquiv>
            </TextLine>
            <TextLine id="r1l37" custom="readingOrder {index:36;}">
                <Coords points="113,3022 360,2991 543,2997 606,3039 775,2999 925,3031 994,3006 1065,3044 1232,3020 1206,2944 113,2939"/>
                <Baseline points="120,3003 175,3000 230,2999 285,2997 340,2996 396,2994 451,2994 506,2993 561,2993 616,2993 672,2993 727,2994 782,2994 837,2994 892,2994 948,2996 1003,2996 1058,2996 1113,2997 1168,2997 1224,2997"/>
                <TextEquiv>
                    <Unicode>Toda la gente del palacio, y la gente</Unicode>
                </TextEquiv>
            </TextLine>
            <TextLine id="r1l38" custom="readingOrder {index:37;}">
                <Coords points="116,3102 223,3135 322,3089 523,3118 709,3080 771,3120 1026,3079 1219,3098 1239,3023 1051,3046 979,3013 894,3050 743,3012 260,3044 191,3017 116,3065"/>
                <Baseline points="123,3090 178,3087 233,3083 289,3080 344,3078 400,3077 455,3075 511,3075 566,3074 622,3074 677,3074 732,3074 788,3075 843,3075 899,3075 954,3077 1010,3077 1065,3077 1121,3077 1176,3077 1232,3075"/>
                <TextEquiv>
                    <Unicode>de guerra, viejos y moços, dançauan</Unicode>
                </TextEquiv>
            </TextLine>
            <TextLine id="r1l39" custom="readingOrder {index:38;}">
                <Coords points="120,3173 1200,3174 1199,3108 1143,3082 928,3124 680,3090 120,3138"/>
                <Baseline points="128,3170 181,3168 234,3165 287,3162 341,3161 394,3159 447,3158 500,3156 554,3156 607,3155 660,3155 713,3155 767,3155 820,3155 873,3155 926,3156 980,3156 1033,3157 1086,3158 1139,3158 1193,3159"/>
                <TextEquiv>
                    <Unicode>enotras partes del patio, trauados</Unicode>
                </TextEquiv>
            </TextLine>
            <TextLine id="r1l40" custom="readingOrder {index:39;}">
                <Coords points="131,3257 1173,3260 1223,3246 1222,3170 792,3157 603,3204 487,3165 340,3209 256,3174 130,3218"/>
                <Baseline points="137,3246 190,3245 244,3243 298,3242 352,3240 406,3237 460,3236 514,3235 568,3234 622,3233 676,3231 729,3231 783,3231 837,3230 891,3230 945,3231 999,3231 1053,3232 1107,3233 1161,3234 1215,3237"/>
                <TextEquiv>
                    <Unicode>de las manos, y culebreando: amane</Unicode>
                </TextEquiv>
            </TextLine>
            <TextLine id="r1l41" custom="readingOrder {index:40;}">
                <Coords points="125,3357 201,3323 324,3355 470,3321 677,3359 792,3318 1219,3342 1218,3260 1165,3279 1117,3246 1068,3275 867,3242 676,3276 124,3268"/>
                <Baseline points="132,3327 188,3325 245,3323 302,3320 359,3318 415,3317 472,3317 529,3315 586,3315 643,3315 699,3314 756,3314 813,3314 870,3314 927,3315 983,3315 1040,3315 1097,3315 1154,3314 1211,3314"/>
                <TextEquiv>
                    <Unicode>ra de las danças, que los populares,</Unicode>
                </TextEquiv>
            </TextLine>
            <TextLine id="r1l42" custom="readingOrder {index:41;}">
                <Coords points="113,3425 298,3414 393,3451 920,3400 1258,3450 1238,3335 113,3362"/>
                <Baseline points="120,3408 176,3404 233,3402 289,3400 346,3398 402,3398 459,3396 515,3396 572,3396 628,3396 685,3396 741,3396 798,3396 854,3396 911,3396 967,3397 1024,3398 1080,3398 1137,3398 1193,3396 1250,3396"/>
                <TextEquiv>
                    <Unicode>hombres, y mugeres, hazen en castilla</Unicode>
                </TextEquiv>
            </TextLine>
            <TextLine id="r1l43" custom="readingOrder {index:42;}">
                <Coords points="114,3500 1215,3490 1215,3444 1103,3409 1057,3443 930,3412 897,3444 730,3436 688,3403 415,3457 157,3415 114,3441"/>
                <Baseline points="122,3488 176,3483 230,3481 284,3479 339,3476 393,3475 447,3474 502,3473 556,3473 610,3473 665,3473 719,3474 773,3474 827,3474 882,3476 936,3476 990,3476 1045,3477 1099,3477 1153,3477 1208,3476"/>
                <TextEquiv>
                    <Unicode>la vieja: entre estos tambien danca</Unicode>
                </TextEquiv>
            </TextLine>
            <TextLine id="r1l44" custom="readingOrder {index:43;}">
                <Coords points="114,3596 636,3555 819,3603 1048,3561 1104,3598 1234,3570 1234,3515 1053,3479 796,3488 761,3523 634,3480 552,3519 386,3478 277,3536 114,3524"/>
                <Baseline points="122,3567 177,3564 232,3561 287,3560 343,3557 398,3555 453,3554 508,3554 564,3552 619,3552 674,3552 729,3552 785,3552 840,3554 895,3554 950,3555 1006,3555 1061,3557 1116,3558 1171,3560 1227,3561"/>
                <TextEquiv>
                    <Unicode>uan, las donzellas, afeytadas, y en</Unicode>
                </TextEquiv>
            </TextLine>
            <TextLine id="r1l45" custom="readingOrder {index:44;}">
                <Coords points="105,3690 241,3643 1244,3668 1257,3571 1151,3608 913,3563 823,3606 648,3560 418,3600 359,3567 188,3576 106,3625"/>
                <Baseline points="113,3650 169,3646 226,3641 283,3639 340,3636 397,3634 454,3633 510,3632 567,3632 624,3632 681,3632 738,3633 795,3635 852,3636 908,3638 965,3639 1022,3641 1079,3642 1136,3644 1193,3645 1250,3647"/>
                <TextEquiv>
                    <Unicode>plumadas, de pluma colorada, todos</Unicode>
                </TextEquiv>
            </TextLine>
            <TextLine id="r1l46" custom="readingOrder {index:45;}">
                <Coords points="108,3737 424,3766 670,3719 1139,3762 1212,3743 1212,3667 837,3684 738,3650 698,3680 617,3645 574,3684 441,3685 262,3645 108,3691"/>
                <Baseline points="116,3725 170,3722 224,3720 279,3719 333,3717 388,3716 442,3716 497,3714 551,3714 606,3713 660,3713 714,3713 769,3714 823,3714 878,3715 932,3716 987,3717 1041,3719 1096,3721 1150,3723 1205,3725"/>
                <TextEquiv>
                    <Unicode>los braços, y todas las piernas: y lle</Unicode>
                </TextEquiv>
            </TextLine>
            <TextLine id="r1l47" custom="readingOrder {index:46;}">
                <Coords points="112,3844 666,3815 725,3851 984,3820 1250,3850 1250,3759 1195,3746 112,3743"/>
                <Baseline points="119,3797 175,3797 231,3797 287,3796 343,3795 399,3795 455,3794 512,3794 568,3794 624,3794 680,3792 736,3792 792,3792 848,3792 905,3794 961,3794 1017,3795 1073,3795 1129,3797 1185,3799 1242,3801"/>
                <TextEquiv>
                    <Unicode>çuauan en la cabeça, puestos vnos ca</Unicode>
                </TextEquiv>
            </TextLine>
            <TextEquiv>
                <Unicode>Lbro. E.
papel, en las frentes froncidas, ama
nera de rosas de papel, todos los satra
pas, lleuauan en plumado las cabe
ças, con pluma blanca de oallina, y lle
uauan los labios, y parte de los rostros
en melados: demanera que re lucia
lamjel, sobre la tintura de la cara:
la qual siempre trayan teñjda de ne
oro: los satrapas, lleuauan vnos pa
nos menores de ellos vsauan depa
pel, que llamauan, amamastli: ylle
uauan en las manos vnos cetros de
palma, en la punta delos quales, y
ua vna flor, de pluma negra, y en
lo baxo, vna bola, tambien de plu
ma negra, por remate del cetro: aes
te cetro llamauan cujtlacuchtli, por
razon de la bola, que lleuaua abaxo,
en el remate la parte por donde lle
uauan assidos estos cetros, yua en
buelta con vn papelpintado, de lis
tas orayas negras: y quando estos y
uan dancando, llegauan al suelo, co
el catro, como sustentandose enel, se
gun los pasos que yuan dando : y los
que hazian el son, para baylar, es
tauan dentro, de vna casa, que lla
mauan calpulco, demanera queno
seujan los vnos alos otros, nj losq̄
baylauan, alos que tañjan, ni los que
tanjan, alos que baylauan: estos
que tañjan, estauan todos sentados
en medio dellos, estaua el atabal, y
todos tañjan sonajas, y otros instru
mentos, que ellos vsan, en los areytos,
Toda la gente del palacio, y la gente
de guerra, viejos y moços, dançauan
enotras partes del patio, trauados
de las manos, y culebreando: amane
ra de las danças, que los populares,
hombres, y mugeres, hazen en castilla
la vieja: entre estos tambien danca
uan, las donzellas, afeytadas, y en
plumadas, de pluma colorada, todos
los braços, y todas las piernas: y lle
çuauan en la cabeça, puestos vnos ca</Unicode>
            </TextEquiv>
        </TextRegion>
        <TextRegion orientation="0.0" id="r2" custom="readingOrder {index:1;}">
            <Coords points="1319,76 1319,3809 2498,3809 2498,76"/>
            <TextLine id="r2l1" custom="readingOrder {index:0;}">
                <Coords points="1537,128 1778,166 1895,132 1967,163 2369,134 2369,51 2287,44 2066,71 1665,19 1538,67"/>
                <Baseline points="1545,126 1585,126 1626,126 1667,126 1708,126 1749,126 1789,126 1830,126 1871,126 1912,126 1953,126 1993,126 2034,127 2075,128 2116,128 2157,128 2197,128 2238,128 2279,129 2320,129 2361,129"/>
                <TextEquiv>
                    <Unicode>de las cermonjas:</Unicode>
                </TextEquiv>
            </TextLine>
            <TextLine id="r2l2" custom="readingOrder {index:1;}">
                <Coords points="1356,341 2442,326 2443,248 2345,217 2175,256 1930,217 1850,260 1358,216"/>
                <Baseline points="1364,306 1417,306 1471,308 1524,308 1578,308 1631,309 1685,309 1738,311 1792,311 1845,312 1899,312 1953,314 2006,314 2060,315 2113,315 2167,317 2220,317 2274,317 2327,318 2381,318 2435,318"/>
                <TextEquiv>
                    <Unicode>ynjc qujtzitzqujtiuj, amatl aca</Unicode>
                </TextEquiv>
            </TextLine>
            <TextLine id="r2l3" custom="readingOrder {index:2;}">
                <Coords points="1351,426 2461,424 2461,362 2362,374 2303,335 2182,381 2026,322 1604,362 1469,327 1352,370"/>
                <Baseline points="1358,407 1412,404 1467,402 1522,401 1577,399 1632,398 1686,398 1741,398 1796,398 1851,398 1906,399 1960,399 2015,401 2070,401 2125,402 2180,404 2234,404 2289,405 2344,405 2399,407 2454,407"/>
                <TextEquiv>
                    <Unicode>xilquj, yn jc tlacujlolli: auh in ie</Unicode>
                </TextEquiv>
            </TextLine>
            <TextLine id="r2l4" custom="readingOrder {index:3;}">
                <Coords points="1359,513 2473,539 2473,450 2407,426 2296,455 1816,453 1741,422 1679,458 1359,446"/>
                <Baseline points="1367,498 1424,497 1482,497 1540,495 1598,495 1656,495 1714,494 1771,494 1829,494 1887,494 1945,494 2003,494 2061,495 2118,495 2176,495 2234,495 2292,495 2350,495 2408,497 2466,497"/>
                <TextEquiv>
                    <Unicode>hoantin, hin, ynjc mjtotia, tlaia</Unicode>
                </TextEquiv>
            </TextLine>
            <TextLine id="r2l5" custom="readingOrder {index:4;}">
                <Coords points="1351,605 2282,640 2449,601 2450,557 1651,511 1351,545"/>
                <Baseline points="1358,596 1412,594 1466,594 1520,593 1574,593 1629,593 1683,593 1737,593 1791,593 1845,594 1900,594 1954,595 2008,596 2062,596 2116,597 2171,597 2225,599 2279,599 2333,599 2387,599 2442,599"/>
                <TextEquiv>
                    <Unicode>oaloa, ic tlaxixiltiuj yn jntzana</Unicode>
                </TextEquiv>
            </TextLine>
            <TextLine id="r2l6" custom="readingOrder {index:5;}">
                <Coords points="1364,711 1570,679 1889,689 1970,726 2140,690 2353,761 2496,703 2496,644 2426,614 2054,651 1825,601 1463,644 1365,617"/>
                <Baseline points="1371,689 1426,686 1482,684 1538,683 1594,681 1650,681 1706,681 1762,683 1818,683 1874,684 1930,686 1985,687 2041,688 2097,690 2153,692 2209,693 2265,695 2321,696 2377,698 2433,699 2489,699"/>
                <TextEquiv>
                    <Unicode>topil: auh can caipulco, in qujn</Unicode>
                </TextEquiv>
            </TextLine>
            <TextLine id="r2l7" custom="readingOrder {index:6;}">
                <Coords points="1357,797 1441,837 1783,787 1970,833 2278,790 2461,820 2494,750 1358,718"/>
                <Baseline points="1364,789 1420,788 1476,786 1532,785 1588,785 1644,783 1700,783 1756,784 1812,785 1868,785 1925,786 1981,786 2037,788 2093,789 2149,791 2205,791 2261,792 2317,794 2373,794 2429,795 2486,795"/>
                <TextEquiv>
                    <Unicode>tlatzotzonjliaia, çan cacate eheoa</Unicode>
                </TextEquiv>
            </TextLine>
            <TextLine id="r2l8" custom="readingOrder {index:7;}">
                <Coords points="1352,897 2087,895 2258,946 2477,922 2478,847 2387,852 2304,801 2200,849 1844,803 1352,836"/>
                <Baseline points="1359,882 1414,881 1470,879 1525,879 1581,878 1637,877 1692,876 1748,876 1803,876 1859,876 1915,878 1970,878 2026,879 2081,879 2137,881 2193,882 2248,884 2304,887 2359,888 2415,890 2471,893"/>
                <TextEquiv>
                    <Unicode>ticate: çan tlalpan veuetl in quj</Unicode>
                </TextEquiv>
            </TextLine>
            <TextLine id="r2l9" custom="readingOrder {index:8;}">
                <Coords points="1352,1012 1674,975 2029,1026 2097,986 2446,1017 2467,925 2226,952 1963,908 1909,942 1353,920"/>
                <Baseline points="1359,981 1414,979 1469,977 1524,975 1579,975 1634,974 1689,974 1744,974 1799,974 1854,975 1909,977 1964,977 2019,978 2074,980 2129,981 2184,983 2239,985 2294,987 2349,988 2404,990 2459,992"/>
                <TextEquiv>
                    <Unicode>tzotzona, aiacachotoque, aiacach</Unicode>
                </TextEquiv>
            </TextLine>
            <TextLine id="r2l10" custom="readingOrder {index:9;}">
                <Coords points="1359,1115 1535,1081 1594,1116 1760,1069 2019,1124 2125,1086 2358,1124 2491,1088 2455,1026 2337,1048 2105,1004 1883,1009 1763,1056 1695,1005 1360,1040"/>
                <Baseline points="1367,1082 1422,1079 1478,1077 1534,1076 1590,1074 1646,1074 1702,1074 1757,1074 1813,1076 1869,1076 1925,1077 1981,1079 2037,1080 2093,1082 2148,1082 2204,1083 2260,1085 2316,1085 2372,1086 2428,1086 2484,1085"/>
                <TextEquiv>
                    <Unicode>quetztoque, aiotl qujtzotzona, aio</Unicode>
                </TextEquiv>
            </TextLine>
            <TextLine id="r2l11" custom="readingOrder {index:10;}">
                <Coords points="1363,1209 1529,1176 1598,1224 1764,1172 2144,1215 2437,1196 2494,1190 2495,1106 2400,1108 2329,1168 2090,1102 1917,1100 1784,1157 1684,1108 1364,1132"/>
                <Baseline points="1371,1181 1426,1178 1482,1175 1538,1175 1594,1173 1650,1173 1705,1173 1761,1175 1817,1176 1873,1178 1929,1179 1984,1181 2040,1182 2096,1184 2152,1185 2208,1185 2263,1185 2319,1185 2375,1184 2431,1181 2487,1178"/>
                <TextEquiv>
                    <Unicode>ujtectoque, aiochiuhtoque. Auh</Unicode>
                </TextEquiv>
            </TextLine>
            <TextLine id="r2l12" custom="readingOrder {index:11;}">
                <Coords points="1356,1330 1908,1294 2050,1325 2143,1264 2354,1339 2505,1295 2506,1228 2333,1211 2131,1253 1732,1200 1647,1235 1357,1229"/>
                <Baseline points="1364,1283 1420,1278 1477,1277 1534,1274 1590,1273 1647,1272 1704,1272 1760,1273 1817,1274 1874,1275 1931,1277 1987,1278 2044,1281 2101,1283 2157,1284 2214,1286 2271,1287 2327,1287 2384,1287 2441,1287 2498,1286"/>
                <TextEquiv>
                    <Unicode>yn ixqujch teachcaoan, in telpuch</Unicode>
                </TextEquiv>
            </TextLine>
            <TextLine id="r2l13" custom="readingOrder {index:12;}">
                <Coords points="1351,1406 1623,1427 1735,1390 1795,1425 1856,1388 2500,1443 2501,1303 2395,1356 2192,1315 2015,1348 1352,1335"/>
                <Baseline points="1358,1388 1414,1385 1471,1383 1528,1382 1585,1380 1641,1379 1698,1379 1755,1379 1812,1379 1868,1380 1925,1380 1982,1382 2039,1383 2095,1385 2152,1385 2209,1386 2266,1388 2322,1389 2379,1391 2436,1392 2493,1392"/>
                <TextEquiv>
                    <Unicode>tequjoaque, yoan in telpopuchti:</Unicode>
                </TextEquiv>
            </TextLine>
            <TextLine id="r2l14" custom="readingOrder {index:13;}">
                <Coords points="1364,1498 2467,1503 2457,1432 1364,1425"/>
                <Baseline points="1371,1491 1425,1487 1479,1484 1534,1481 1588,1479 1643,1478 1697,1478 1751,1478 1806,1478 1860,1478 1915,1478 1969,1479 2023,1481 2078,1481 2132,1482 2187,1484 2241,1484 2295,1484 2350,1484 2404,1482 2459,1481"/>
                <TextEquiv>
                    <Unicode>cecnj manj in mjtotia, motene</Unicode>
                </TextEquiv>
            </TextLine>
            <TextLine id="r2l15" custom="readingOrder {index:14;}">
                <Coords points="1350,1601 1866,1572 2065,1617 2228,1580 2360,1625 2499,1612 2499,1531 2454,1505 2385,1537 1997,1490 1898,1525 1350,1527"/>
                <Baseline points="1358,1589 1414,1586 1471,1583 1528,1580 1584,1578 1641,1577 1698,1575 1754,1575 1811,1575 1868,1575 1925,1575 1981,1575 2038,1577 2095,1577 2151,1578 2208,1578 2265,1580 2321,1580 2378,1581 2435,1581 2492,1581"/>
                <TextEquiv>
                    <Unicode>oa mococoloa. Auh ynjc mjhto</Unicode>
                </TextEquiv>
            </TextLine>
            <TextLine id="r2l16" custom="readingOrder {index:15;}">
                <Coords points="1344,1716 1756,1725 1863,1682 2098,1682 2189,1726 2258,1692 2499,1703 2499,1613 2241,1630 1764,1581 1568,1589 1512,1639 1345,1624"/>
                <Baseline points="1352,1683 1409,1682 1466,1680 1523,1679 1580,1679 1637,1677 1694,1677 1751,1678 1808,1679 1865,1679 1922,1680 1979,1682 2036,1682 2093,1683 2150,1684 2207,1685 2264,1685 2321,1686 2378,1686 2435,1686 2492,1685"/>
                <TextEquiv>
                    <Unicode>tia mococoloa, iehica aujc viujh,</Unicode>
                </TextEquiv>
            </TextLine>
            <TextLine id="r2l17" custom="readingOrder {index:16;}">
                <Coords points="1346,1810 2464,1831 2465,1764 2134,1736 1858,1757 1663,1708 1347,1744"/>
                <Baseline points="1353,1793 1408,1790 1463,1788 1518,1787 1573,1787 1629,1785 1684,1785 1739,1787 1794,1787 1849,1787 1905,1788 1960,1790 2015,1792 2070,1794 2125,1796 2181,1797 2236,1800 2291,1802 2346,1804 2401,1805 2457,1808"/>
                <TextEquiv>
                    <Unicode>ixtlapal viuj, mjxnanamiquj,</Unicode>
                </TextEquiv>
            </TextLine>
            <TextLine id="r2l18" custom="readingOrder {index:17;}">
                <Coords points="1330,1913 1999,1900 2062,1940 2125,1912 2468,1939 2458,1861 2179,1823 1893,1851 1674,1815 1531,1855 1410,1817 1331,1852"/>
                <Baseline points="1337,1904 1393,1899 1449,1896 1505,1893 1562,1892 1618,1892 1674,1890 1730,1892 1787,1892 1843,1893 1899,1895 1955,1897 2012,1898 2068,1901 2124,1902 2180,1904 2237,1905 2293,1907 2349,1907 2405,1907 2462,1905"/>
                <TextEquiv>
                    <Unicode>in matitech maantiujh ynjc mj</Unicode>
                </TextEquiv>
            </TextLine>
            <TextLine id="r2l19" custom="readingOrder {index:18;}">
                <Coords points="1326,2020 1522,1984 1821,2008 1898,2060 2088,2017 2439,2030 2472,2025 2474,1940 2369,1990 2212,1933 1424,1907 1328,1962"/>
                <Baseline points="1334,2007 1390,2003 1447,2000 1503,1998 1560,1997 1616,1997 1673,1997 1729,1998 1786,2000 1842,2001 1899,2004 1956,2006 2012,2009 2069,2011 2125,2013 2182,2015 2238,2018 2295,2018 2351,2019 2408,2019 2465,2018"/>
                <TextEquiv>
                    <Unicode>totia. Auh no cequjntin cioa ich</Unicode>
                </TextEquiv>
            </TextLine>
            <TextLine id="r2l20" custom="readingOrder {index:19;}">
                <Coords points="1333,2150 1678,2128 1949,2165 2239,2125 2436,2174 2456,2083 2349,2084 2308,2045 1676,2063 1615,2019 1334,2070"/>
                <Baseline points="1341,2120 1396,2112 1451,2108 1507,2104 1562,2102 1617,2100 1673,2099 1728,2099 1783,2100 1839,2102 1894,2103 1949,2106 2005,2108 2060,2112 2115,2114 2171,2117 2226,2121 2281,2124 2337,2126 2392,2129 2448,2130"/>
                <TextEquiv>
                    <Unicode>popuchti, mjtotia in netol, mo</Unicode>
                </TextEquiv>
            </TextLine>
            <TextLine id="r2l21" custom="readingOrder {index:20;}">
                <Coords points="1343,2225 2176,2224 2427,2277 2472,2270 2474,2183 1662,2130 1344,2160"/>
                <Baseline points="1350,2211 1405,2207 1461,2204 1517,2202 1573,2201 1629,2199 1684,2201 1740,2201 1796,2203 1852,2205 1908,2208 1963,2210 2019,2213 2075,2216 2131,2219 2187,2220 2242,2223 2298,2225 2354,2226 2410,2226 2466,2226"/>
                <TextEquiv>
                    <Unicode>momochi itotia: centzontecoman</Unicode>
                </TextEquiv>
            </TextLine>
            <TextLine id="r2l22" custom="readingOrder {index:21;}">
                <Coords points="1346,2349 1635,2308 1956,2314 2047,2359 2129,2322 2491,2348 2492,2260 2177,2280 1990,2234 1532,2269 1348,2232"/>
                <Baseline points="1353,2324 1409,2318 1466,2312 1522,2309 1579,2306 1635,2304 1692,2304 1748,2304 1805,2306 1861,2307 1918,2309 1974,2310 2031,2313 2087,2315 2144,2317 2200,2319 2257,2321 2313,2322 2370,2322 2426,2322 2483,2322"/>
                <TextEquiv>
                    <Unicode>ynjc tomaoac catca, yn momoch</Unicode>
                </TextEquiv>
            </TextLine>
            <TextLine id="r2l23" custom="readingOrder {index:22;}">
                <Coords points="1342,2475 1552,2475 1622,2420 1778,2408 1933,2456 2090,2420 2496,2472 2497,2363 2166,2351 2103,2389 2035,2348 1769,2358 1633,2319 1343,2348"/>
                <Baseline points="1349,2429 1406,2425 1463,2421 1520,2418 1577,2414 1634,2412 1691,2412 1748,2412 1805,2412 1862,2412 1919,2414 1976,2415 2033,2416 2090,2418 2147,2420 2204,2422 2261,2424 2318,2426 2375,2428 2432,2429 2490,2432"/>
                <TextEquiv>
                    <Unicode>cozquj, yoan vmicpac contecatiuj,</Unicode>
                </TextEquiv>
            </TextLine>
            <TextLine id="r2l24" custom="readingOrder {index:23;}">
                <Coords points="1337,2560 1686,2566 1915,2521 2418,2548 2457,2541 2458,2482 2368,2442 2013,2435 1952,2467 1832,2422 1728,2478 1338,2493"/>
                <Baseline points="1344,2528 1399,2525 1454,2523 1509,2523 1565,2522 1620,2520 1675,2520 1731,2520 1786,2520 1841,2520 1897,2522 1952,2522 2007,2523 2062,2523 2118,2525 2173,2526 2228,2527 2284,2528 2339,2529 2394,2531 2450,2532"/>
                <TextEquiv>
                    <Unicode>moxaoa, yoan in metztomaoa</Unicode>
                </TextEquiv>
            </TextLine>
            <TextLine id="r2l25" custom="readingOrder {index:24;}">
                <Coords points="1325,2654 2214,2653 2394,2695 2474,2691 2475,2598 2322,2604 2108,2543 2057,2578 1325,2588"/>
                <Baseline points="1332,2633 1388,2630 1445,2628 1502,2625 1559,2622 1616,2621 1672,2621 1729,2619 1786,2619 1843,2619 1900,2619 1956,2620 2013,2621 2070,2622 2127,2624 2184,2625 2240,2627 2297,2629 2354,2631 2411,2634 2468,2637"/>
                <TextEquiv>
                    <Unicode>ian aci, ynjc mopotonja, yoa</Unicode>
                </TextEquiv>
            </TextLine>
            <TextLine id="r2l26" custom="readingOrder {index:25;}">
                <Coords points="1313,2792 1374,2744 1581,2760 1733,2720 2435,2773 2459,2676 2307,2694 2209,2653 2066,2692 1923,2653 1857,2687 1606,2647 1397,2654 1312,2697"/>
                <Baseline points="1319,2751 1375,2743 1432,2736 1489,2730 1545,2726 1602,2723 1659,2721 1715,2720 1772,2720 1829,2720 1886,2721 1942,2723 1999,2724 2056,2726 2112,2727 2169,2729 2226,2730 2282,2732 2339,2732 2396,2732 2453,2730"/>
                <TextEquiv>
                    <Unicode>ymacolpan onacia: intlan ma</Unicode>
                </TextEquiv>
            </TextLine>
            <TextLine id="r2l27" custom="readingOrder {index:26;}">
                <Coords points="1327,2858 2121,2828 2403,2876 2472,2859 2473,2757 2239,2796 1983,2742 1738,2774 1653,2736 1327,2787"/>
                <Baseline points="1334,2838 1390,2832 1447,2827 1503,2823 1560,2820 1616,2819 1673,2817 1729,2817 1786,2818 1842,2819 1899,2820 1956,2822 2012,2825 2069,2826 2125,2828 2182,2829 2238,2831 2295,2831 2351,2831 2408,2831 2465,2829"/>
                <TextEquiv>
                    <Unicode>mantiuj, in tzatzalan mantiuj,</Unicode>
                </TextEquiv>
            </TextLine>
            <TextLine id="r2l28" custom="readingOrder {index:27;}">
                <Coords points="1336,2967 1574,2968 1648,2923 1773,2962 2008,2929 2478,2955 2478,2883 2282,2849 2224,2879 1817,2840 1763,2875 1337,2878"/>
                <Baseline points="1343,2931 1399,2927 1455,2924 1512,2921 1568,2919 1625,2918 1681,2918 1737,2918 1794,2918 1850,2918 1907,2919 1963,2921 2019,2922 2076,2924 2132,2925 2189,2927 2245,2928 2301,2928 2358,2930 2414,2930 2471,2930"/>
                <TextEquiv>
                    <Unicode>in mjtotia. Jn iehoantin hin, mo</Unicode>
                </TextEquiv>
            </TextLine>
            <TextLine id="r2l29" custom="readingOrder {index:28;}">
                <Coords points="1331,3043 1783,3046 2025,3088 2112,3039 2245,3099 2428,3054 2429,2957 2278,3015 1795,2987 1733,2937 1666,2977 1332,2984"/>
                <Baseline points="1338,3033 1392,3030 1446,3027 1500,3026 1554,3024 1608,3024 1662,3024 1717,3026 1771,3026 1825,3028 1879,3029 1933,3032 1987,3033 2041,3035 2096,3036 2150,3039 2204,3039 2258,3041 2312,3041 2366,3040 2421,3039"/>
                <TextEquiv>
                    <Unicode>teneoa tlanaoa, teneoa, quj</Unicode>
                </TextEquiv>
            </TextLine>
            <TextLine id="r2l30" custom="readingOrder {index:29;}">
                <Coords points="1327,3167 1639,3128 1847,3180 2134,3161 2285,3202 2468,3187 2470,3092 2396,3068 2201,3110 2141,3065 1948,3091 1687,3052 1328,3082"/>
                <Baseline points="1334,3134 1390,3131 1446,3128 1503,3126 1559,3126 1616,3126 1672,3128 1728,3129 1785,3131 1841,3132 1898,3134 1954,3136 2010,3138 2067,3140 2123,3140 2180,3141 2236,3141 2292,3140 2349,3138 2405,3135 2462,3132"/>
                <TextEquiv>
                    <Unicode>naoa in vitzilopuchtli: auh in</Unicode>
                </TextEquiv>
            </TextLine>
            <TextLine id="r2l31" custom="readingOrder {index:30;}">
                <Coords points="1323,3275 1673,3248 1876,3309 1984,3256 2169,3240 2267,3282 2419,3277 2440,3189 2210,3208 2134,3162 2018,3199 1781,3188 1514,3132 1413,3203 1324,3210"/>
                <Baseline points="1331,3242 1386,3240 1441,3239 1496,3239 1551,3239 1606,3239 1661,3240 1716,3242 1771,3245 1826,3246 1881,3248 1936,3251 1991,3252 2046,3254 2101,3254 2156,3255 2211,3254 2266,3254 2321,3251 2376,3248 2432,3243"/>
                <TextEquiv>
                    <Unicode>iehoantin ichpopuchti, cenca</Unicode>
                </TextEquiv>
            </TextLine>
            <TextLine id="r2l32" custom="readingOrder {index:31;}">
                <Coords points="1323,3364 2048,3413 2268,3406 2458,3339 2458,3299 2322,3272 2216,3333 1797,3315 1652,3269 1324,3288"/>
                <Baseline points="1331,3344 1389,3342 1448,3342 1507,3344 1566,3345 1625,3347 1684,3349 1743,3351 1802,3353 1861,3356 1919,3357 1978,3359 2037,3360 2096,3360 2155,3360 2214,3359 2273,3357 2332,3354 2391,3350 2450,3344"/>
                <TextEquiv>
                    <Unicode>vel pialoia, ynjc aiac qujmj</Unicode>
                </TextEquiv>
            </TextLine>
            <TextLine id="r2l33" custom="readingOrder {index:32;}">
                <Coords points="1326,3478 1473,3447 1651,3517 1923,3459 2073,3521 2132,3487 2441,3502 2474,3403 1870,3431 1815,3396 1664,3414 1582,3363 1327,3360"/>
                <Baseline points="1334,3447 1390,3447 1447,3447 1503,3449 1560,3450 1617,3452 1673,3455 1730,3456 1786,3458 1843,3461 1900,3462 1956,3464 2013,3465 2069,3465 2126,3465 2183,3464 2239,3462 2296,3460 2352,3458 2409,3452 2466,3447"/>
                <TextEquiv>
                    <Unicode>xeleuiz, ynjc aiac qujncama</Unicode>
                </TextEquiv>
            </TextLine>
            <TextLine id="r2l34" custom="readingOrder {index:33;}">
                <Coords points="1314,3579 1580,3625 1817,3570 1903,3624 2025,3575 2091,3619 2130,3585 2173,3614 2437,3578 2462,3515 2255,3489 2074,3521 1909,3473 1772,3484 1698,3544 1469,3471 1315,3524"/>
                <Baseline points="1322,3557 1378,3557 1435,3557 1491,3557 1548,3558 1605,3558 1661,3560 1718,3562 1774,3564 1831,3566 1888,3567 1944,3568 2001,3569 2057,3570 2114,3570 2171,3570 2227,3569 2284,3567 2340,3565 2397,3562 2454,3558"/>
                <TextEquiv>
                    <Unicode>nalhuiz. Auh yn ixqujchtin</Unicode>
                </TextEquiv>
            </TextLine>
            <TextLine id="r2l35" custom="readingOrder {index:34;}">
                <Coords points="1318,3702 1465,3663 1720,3715 1922,3684 2042,3727 2365,3738 2463,3702 2465,3587 2343,3643 2069,3600 1837,3646 1757,3607 1319,3615"/>
                <Baseline points="1326,3653 1382,3658 1439,3661 1495,3664 1552,3668 1608,3670 1665,3672 1721,3674 1778,3675 1834,3675 1891,3677 1948,3677 2004,3677 2061,3677 2117,3677 2174,3677 2230,3676 2287,3675 2343,3675 2400,3674 2457,3672"/>
                <TextEquiv>
                    <Unicode>yn mococoloa, vel mopiaia y</Unicode>
                </TextEquiv>
            </TextLine>
            <TextLine id="r2l36" custom="readingOrder {index:35;}">
                <Coords points="1315,3790 1439,3758 1544,3802 1920,3780 2240,3843 2469,3788 2471,3699 2320,3750 2129,3712 1739,3739 1426,3684 1318,3702"/>
                <Baseline points="1323,3752 1382,3756 1442,3761 1502,3764 1562,3768 1622,3770 1682,3774 1742,3777 1802,3779 1862,3780 1922,3782 1982,3783 2042,3785 2102,3785 2162,3785 2222,3785 2282,3783 2342,3782 2402,3779 2462,3777"/>
                <TextEquiv>
                    <Unicode>njc aiac vncan meleuiz: auh</Unicode>
                </TextEquiv>
            </TextLine>
            <TextEquiv>
                <Unicode>de las cermonjas:
ynjc qujtzitzqujtiuj, amatl aca
xilquj, yn jc tlacujlolli: auh in ie
hoantin, hin, ynjc mjtotia, tlaia
oaloa, ic tlaxixiltiuj yn jntzana
topil: auh can caipulco, in qujn
tlatzotzonjliaia, çan cacate eheoa
ticate: çan tlalpan veuetl in quj
tzotzona, aiacachotoque, aiacach
quetztoque, aiotl qujtzotzona, aio
ujtectoque, aiochiuhtoque. Auh
yn ixqujch teachcaoan, in telpuch
tequjoaque, yoan in telpopuchti:
cecnj manj in mjtotia, motene
oa mococoloa. Auh ynjc mjhto
tia mococoloa, iehica aujc viujh,
ixtlapal viuj, mjxnanamiquj,
in matitech maantiujh ynjc mj
totia. Auh no cequjntin cioa ich
popuchti, mjtotia in netol, mo
momochi itotia: centzontecoman
ynjc tomaoac catca, yn momoch
cozquj, yoan vmicpac contecatiuj,
moxaoa, yoan in metztomaoa
ian aci, ynjc mopotonja, yoa
ymacolpan onacia: intlan ma
mantiuj, in tzatzalan mantiuj,
in mjtotia. Jn iehoantin hin, mo
teneoa tlanaoa, teneoa, quj
naoa in vitzilopuchtli: auh in
iehoantin ichpopuchti, cenca
vel pialoia, ynjc aiac qujmj
xeleuiz, ynjc aiac qujncama
nalhuiz. Auh yn ixqujchtin
yn mococoloa, vel mopiaia y
njc aiac vncan meleuiz: auh</Unicode>
            </TextEquiv>
        </TextRegion>
    </Page>
</PcGts>
