2626 4260
664 67 1614 268 Al sincero lector.
67 353 2564 518 Ls denotar, parala intelligencia, del calendario, que se sigue: que los meses,
76 514 2548 629 son desiguales, de los nuestros, ennumero, y endias: porque los meses destos
71 568 2557 708 naturales, son diez yocho, y cada vno dellos, no tiene mas de veynte dias,
71 687 2604 813 y asi son todos los dias, que se contienen, en estos meses, trezientos y sesenta.
76 789 2571 892 Los cinco dias postreros del año, no vienen encuenta de ningun mes, mas
77 883 2597 986 antes los dexan fuera de la cuenta, por baldios. Van señalados, los meses des
81 939 2595 1080 tos naturales, al principio del calendario, por su cuenta, y letras, del a
83 1031 2600 1172 bece: de la otra parte contraria, van señalados los nuestros meses, por le
67 1113 2556 1254 tras del abece, y por su cuenta. Y ansi sepuede facilmente entender
66 1198 2566 1340 cada fiesta de las suyas, en que dia caya, de los nuestros meses. Las fi
62 1300 2638 1442 estas moujbles, que estan al fin del calendario recopiladas: salen de otra
75 1396 2598 1527 manera de cuenta; que vsauan enel arte adiujnatoria: que contie
70 1481 2585 1651 ne dozientos y sesenta dias: en la qual ay fiestas, y como esta cuen
57 1573 2610 1706 ta, no va con la cuenta del año, nj tiene tantos dias: vienen las fies
68 1658 2300 1814 tas auariarse, cayendo en dias diferentes, vn año de otro.
