2510 3930
686 -2 1244 201 libro. E.
169 228 1296 377 al vipil, todo era curioso, yrico,
176 340 1291 464 ponjanla cotaras, pintadas de
181 427 1310 556 vnas listas colgradas: ponjan
156 508 1282 645 le enel braço izqujerdo vna
171 601 1301 756 rodela, y en la otra mano vn
152 727 1275 823 baston teñjdo de color bermejo,
158 815 1280 949 Ataujada con estos ataujos, cer
166 919 1268 1054 cauanla muchas mugeres, lle
163 999 1249 1164 uauanla en medio a ofrecer
161 1104 1283 1276 encienso aquatro partes: esta
163 1209 1259 1390 ofrenda, hazia a la tarde, an
163 1322 1286 1463 tes que muriesse.  esta ofren
151 1424 1262 1553 da llamauan xalaquja, por
161 1521 1279 1675 que el dia sigujente, auja de
156 1615 1252 1774 morir: el vno destos lugares
153 1730 1276 1848 se llama tetamacolco, el otro
159 1810 1267 1957 se llama necocyxecan, el otro
153 1922 1246 2054 se llama atenchicalcan, el
152 2024 1270 2190 quarto se llama xolloco. Estos
153 2116 1245 2279 quatro lugares, donde ofrecian
165 2198 1243 2359 era en reuerencia, de los qua
162 2297 1268 2431 tro caracteres, dela cuenta de
152 2411 1271 2554 los años: el primero se llaman
162 2499 1276 2658 acatl, que qujere dezir caña, el
145 2604 1255 2752 segundo se llama, tecpatl, que
154 2682 1274 2887 qujere dezir pedernal, como hie
156 2794 1290 2977 rro delança, el tercero se llama
149 2909 1247 3087 calli, que qujere dezir casa, el
142 3033 1267 3202 quarto, se llama tochtli, quequj
149 3136 1285 3266 ere dezir conejo. Con estos quatro
147 3200 1316 3362 caracteres, andando al rededor, has
149 3296 1310 3487 taque cada vno dellos tuujesse tre
144 3395 1265 3578 ze años, contauan la cuenta de
142 3489 1240 3641 los años, hasta cincuenta y dos
134 3602 1280 3737 Acabadas de andar estas estacio
158 3708 1281 3859 nes, toda aquella noche, antes q̄
1520 25 2364 188 de las cerimonjas
1373 238 2423 381 mocioaoatia, qujiauceujlia.
1391 337 2427 493 Auh yn aiamo aci in iquac
1378 450 2422 591 ie uel ilhujtl, yn moteneoa
1380 551 2449 703 vei tecujlhujtl, yn iquac tla
1378 677 2425 810 matlacti, iquac miquja, in
1368 785 2425 906 xilonen cioatl, mich chic tla
1377 880 2445 1020 pan, ynic michiuh, yn itē
1364 998 2440 1138 co coztic, auh yn ixquac chi
1362 1097 2419 1255 chiltic: yiamacal nauhcam
1356 1213 2400 1376 panacace, quetzalmjiaoa
1363 1322 2389 1482 io, cozcapetlatl: yn icozquj
1375 1453 2419 1620 chalchiujtl miiecpantli, teu
1372 1559 2428 1750 cujtlaçomalli yn ipan man
1358 1684 2443 1852 tiuh, yiaxochiavipil, yoan
1368 1841 2438 1982 yaxochiacue, yh itzcac, yno
1360 1942 2441 2091 chpalcac: yn ichimal, yoā
1357 2059 2449 2216 yn ichicaoaz chichiltic, nauh
1367 2175 2444 2348 campa yn aquja, anoço xa
1365 2279 2435 2455 laquja: ynic mjtoa xala
1371 2401 2444 2586 quj, ic qujmachiltia ynjmj
1364 2532 2425 2702 quiz, in miquiz muztla: in
1362 2641 2433 2786 cemilhujtl conpeoaltia yna
1356 2766 2424 2929 quj, tetamacolco, ynic vc
1357 2887 2435 3015 çan vncan intaciticatcan,
1372 2996 2445 3157 tacito: yoan itocaiocan ne
1375 3107 2410 3269 coqujxecan: ynjc excan
1378 3220 2430 3390 yncan yn aquja, ynaten
1375 3356 2437 3519 chicalcan, ynic moteneoa
1357 3487 2413 3626 atenchicalcan, ca vnean,
1351 3591 2428 3743 oalcholoaia yn atl, yoan no
1362 3677 2470 3848 vncan oalpopoliujaia ynecati:
