1950 2602
74 3 1559 114 El decimo octavo edificio, se llamaua tzompantli. ibidem.
69 96 1743 244 El decimo nono edificio, se llamaua, vitznaoac teucalli. ibidem
63 152 1489 291 El vigessimo edificio, se llamaua, Tezcacalco. ibidem.
73 249 1954 389 El vigessimo primo edificio, se llamaua, tlacochcalco, acatl yiacapom. ibide.
66 305 1656 432 El vigessimo segundo edificio, se llamaua. Teccizcalco. ibidem.
73 372 1664 508 El vigessimo tercio edificio, se llamaua, vitztepeoalco. ibidem.
70 426 1108 550 El vigessimo quarto edificio, se llamaua,
1124 470 1826 584 vitznaoac calmecac. fol. 113.
76 492 1117 608 El vigessimo qujnto edificio, se llamaua,
1130 542 1826 646 otro quauhxicalco. ibidem.
68 575 1111 675 El vigessimo sexto edificio, se llamaua
1150 596 1944 745 Macujlcipactli iteupan. ibidem.
69 642 1819 778 El vigessimo septimo edificio, se llamaua, Tetlanmā calmecac. ibidem.
59 718 1912 858 El vigessimo octavo edificio, se llamaua. Jztac cinteutl iteupan. ibidem.
69 781 1724 906 El vigessimo nono edificio, se llamaua. Tetlanman. ibidem.
72 844 1743 963 El trigessimo edificio, se llamaua chicumecoatl iteupan. ibidem.
77 904 1739 1038 El trigessimo primo edificio, se llamaua, Tezcaapan. ibidem.
69 976 1780 1129 El trigessimo segundo edificio, se llamaua. Tezcatlachco. ibidem.
74 1039 1752 1195 El trigessimo tercio edificio, se llamaua tzompantli. fol. 114.
66 1112 1735 1259 El trigessimo quarto edificio, se llamaua, tlamatzinco. ibidem.
73 1176 1913 1329 El trigessimo qujnto edificio, se llamaua, tlamatzinco calmecac. ibidē.
71 1245 1715 1369 El trigessimo sexto edificio, se llamaua, Quauhxicalco. ibidem.
72 1315 1829 1441 El trigessimo septimo edificio, se llamaua. Mixcoateupan. ibidem.
65 1394 1821 1511 El trigessimo octavo edificio, se llamaua. Netlatiloian. ibidem.
72 1449 1688 1561 El trigessimo nono edificio, se llamaua. Teutlachco. ibidem.
75 1509 1740 1650 El quadragessimo edificio, se llamaua, ilhujcatitlan. ibidem.
74 1599 1933 1715 El quadragessimo primo edificio, se llamaua, vey tzompantli. ibidem.
76 1659 1889 1773 El quadragessimo segundo edificio, se llamaua, Mecatlan. fol. 115.
70 1740 1889 1838 El quadragessimo tercio edificio, se llamaua, Cinteupan. ibidem.
75 1803 1920 1943 El quadragessimo quarto edificio, se llamaua, centzontotochti in teupas
80 1856 286 1933 ibidem.
79 1904 1593 2032 El quadragessimo qujnto edificio, se llamaua, cinteupan:
1629 1943 1853 2034 ibidem.
80 1995 1605 2105 El quadragessimo sexto edificio, se llamaua, Netotiloian
1629 2024 1839 2106 ibidem.
72 2065 1594 2163 El quadragessimo septimo edificio, se llamaua, chililico,
1616 2092 1837 2175 ibidem.
82 2115 1591 2244 El quaaragessimo octavo edificio, se llamaua, Coaapan
1624 2156 1837 2236 ibidem.
75 2201 1588 2298 El quadragessimo nono edificio, se llamaua Puchtlan.
1617 2224 1825 2316 ibidem.
82 2273 1611 2384 El qujncagessimo edificio, se llamaua, Atlauhco. ibidem.
76 2331 1749 2452 El qujncagessimo primo edificio, se llamaua, Iopico. ibidem.
71 2412 1901 2517 El qujncagessimo segundo edificio, se llamaua. Iacatecutli iteupan.
86 2457 329 2553 fol. 116
