2690 4110
1119 55 1534 222 Apendiz.
2208 97 2474 220 fo. 28
1293 277 1516 394 .Ec..
55 272 1244 417 anjmarum in qujnatio, natiujta
48 413 1182 551 tis immutatio, nuptiarum in
76 525 1227 715 constantia, in ordinatio mechie
1308 651 2504 785 A. Jncenca tetlaelti tlateutoqujliztli: itzin
69 661 1254 833 et impudicitie. A. Infandorum
1296 724 2477 865 ipeuhca, yoan itzonquizca, yn jxqujch a
1318 828 2474 936 mo qualli, amo iectli: yoan in jxqujch
64 770 1199 944 enjm idolorum cultura, omnjs
1316 910 2475 1050 tetlaelti, yoan in tetlapololti, muchi itech
76 921 1180 1107 mali causa est, et initium et fi
1329 974 2479 1131 iuli qujça intlateutoqujliztli. B. Jn tlate
1316 1073 2478 1199 utocanjme, yn jquac papaquj, iuhqujn
74 1055 1257 1239 njs. B. Aut enjm dum letantur,
1323 1164 2474 1313 ma tlaoanque, iollotlaueliloque muchi
79 1177 1250 1338 insaniunt: aut certe vaticinantur
1319 1244 2243 1382 oa, iuhqujn tlaoanque tlatoa.
85 1328 1247 1468 falsa, aut viuunt in iuste, aut pe
1327 1344 2450 1566 C. Jn tlateutocanjme, in iquac intech.
68 1434 1241 1599 ierant cito. C. Dum enjm confi
1327 1478 2487 1628 tlaquauhtlamati, ynjn teuhoan, çan
1325 1578 2548 1703 no atle inpan qujmitta, qujnchicujtoa,
85 1597 1207 1765 dunt in idolis que sine anjma
1323 1650 2470 1826 amo qujmjmacaci, iehica ca atle yn
99 1723 1211 1866 sunt, male iurantes noceri se
1325 1753 2471 1906 manjma. D. Jn izqujtlamantli, in, in
1326 1883 2450 1991 pan muchioa tlateutocanjme: amo
87 1844 1220 2024 non sperant. D. Vtraqz ergo
1437 1964 1538 2035 nen
1341 1934 2460 2099 çan nca oqujnmotelchiujli indios icel
90 1999 1267 2155 illis euenjent digne, quonjam ma
1324 2049 2474 2203 teutl: auh ynimiztlacateuhoan, cen
94 2107 1245 2266 le senserunt de deo, attendentes
1314 2128 2488 2301 caqujmauiztilique. Auh iniztlaca Ju
1329 2200 2496 2377 ramento, cenca itech omematque, injc
100 2246 1214 2394 idolis, et iurauerunt iniuste
1331 2311 2466 2466 teca omocacaiauhque: auh in mela
102 2365 1262 2547 indolo contemnentes iustitiam,
1333 2378 2471 2553 oac iusticia atle ipan qujttaque. E.
1342 2479 2488 2625 Jn iuramento, amo monequj itech nema
98 2480 1256 2639 E. Non enjm iurantium est vir
1336 2559 2473 2726 choz: in aqujque miecpa qujteneoa ito
103 2613 1303 2776 tus, sed peccantium pena per am
1328 2643 2505 2802 catzin tlatlacoa: ca amo monequj vpamo
1340 2744 2497 2877 teneoaz, yn iteutocatzin, in jpan vei, yn
96 2735 1241 2895 bulat semper in iustorum, pra
1337 2810 2468 2955 ipan in cenca monequj: in çan tlapicq̄
106 2870 843 3022 uaricationem.
1338 2886 2482 3029 teneoa yn jtocatzin tlatlacua, qujtzacu
1338 2992 1780 3117 tiaz n tlatlacul.
697 3058 752 3186 b
1573 3229 2110 3385 Capitulo. 12.
282 3216 951 3375 Capitulo. 12.
1373 3398 2472 3554 Jioiave, totecujoe diose, in moiollotzin
99 3375 1237 3584 O quam bonus et suaujs est do
1353 3509 2476 3633 ca cenquizca qualli, cenquiz ca iaman
105 3552 1259 3699 mjne spiritus tuus in omnjbus:
1353 3585 2508 3724 quj: in jxqujch in topan ticmuchiujlia
1357 3686 2500 3779 in timuchinti, in cemanaoac titlaca, ca
96 3662 1294 3853 ideoqz eos quj exerrant partibus
1323 3762 2490 3868 muchi qualli, muchi melaoac: auh ipam
2509 6 2664 109 o
