2666 4166
435 41 895 220 libro. E
111 276 1273 436 uja muerto, ponja enel patio de
98 385 1265 520 su casa, vn olobo redondo, hecho,
97 506 1277 634 de petate, con tres pies: y encima
95 595 1299 763 del globo, ponja todos los papeles,
94 714 1281 890 conque se auja adereçado, el capti
98 815 1316 998 uo quando murio: y despues bus
117 959 1288 1093 caua vn mancebo, valiente, y com
95 1072 1325 1235 ponjale, con todos aquellos papeles:
115 1208 1308 1348 estando compuesto, con los papeles,
105 1330 1293 1485 dauanle vna rodela, enla vna
103 1455 1269 1611 mano: en la otra le ponjan vn
94 1570 1275 1726 baston, y salia corriendo, por
115 1727 1320 1891 essas calles, como que queria mal
110 1831 1279 1959 tratar, alos que topasse, y todos
104 1947 1287 2103 huyan del: y todos se alboro ta
99 2070 1272 2232 uan, y en viendole, dezian. Ya
93 2183 1309 2308 viene el tetzompac: y si alguno
110 2305 1351 2437 alcançaua, tomauale las mantas:
102 2415 1308 2589 y todas quantas tomaua, las lleua
113 2529 1315 2693 ua, y las arrojaua, enel patio, de
118 2665 1303 2826 aquel, que le auja conpuesto, con
103 2777 1317 2954 los papeles. Despues desto, el due
100 2939 1319 3048 ño del captiuo, que auja muerto,
105 3026 1296 3194 ponja en el medio del patio, de su
105 3165 1258 3284 casa, vn madero, como coluna:
98 3292 1288 3443 enel qual todos conocian, que
109 3404 1247 3579 auja captiuado, en la guerra:
99 3534 1314 3683 aquello era en blason de su valen
102 3650 1310 3796 tia. Despues desto, tomaua el
75 3782 1316 3919 vueso, del muslo, del captiuo, cu
99 3907 1323 4080 ya carne, ya aujan comjdo: y cō
1615 32 2423 179 de las cerimonjas
1405 258 2590 422 qujmoolpilitiuj yn innetlauhtil,
1399 396 2579 550 tilmatli, aço tlacujlolli, anoço
1408 518 2620 652 camopalli, anoço nochpalli, ano
1407 656 2612 794 ço nacazminquj, anoço teniuj
1401 757 2611 902 oaoanquj, yhujtenoaoanquj, y
1414 880 2606 1002 hujtentlaiaoalo. Auh yn oaxi
1403 986 2569 1165 oac yneoatlatiloian, ynicpac
1404 1129 2614 1272 teucalli iopitli, iopiteucalli: na
1397 1260 2623 1384 uhcampa ceceiaca ontlaiiaoaia,
1391 1394 2647 1524 in tlamanjme ontlenamacaia,
1413 1511 2585 1682 conjiaoa yn jntlema, conujuj
1392 1647 2568 1794 xoa. Auh yn onacticac eoatl
1394 1778 2592 1937 njman mototoma, mototonti
1409 1897 2609 2062 cac: yn oqujoalcopin eoatl, con
1402 2029 2581 2180 tlaca, ica onmaiauj yn oztoc.
1401 2162 2610 2285 Auh intlamanj, oaltemo tlatzi
1401 2267 2624 2439 tla, qujoalcauhtiqujca, qujoal
1395 2407 2604 2561 tentiqujca tlehquazco inteçolli
1400 2515 2627 2693 Auh yn oqujcaoato eoatl, yn on
1404 2636 2621 2803 maqujtiuja, amo mixamja ati
1400 2747 2643 2912 ca, çan iotextli, tlaoltextli, inic
1400 2829 2670 3022 onmixxaxaqualooa, ynic onmjs
1405 2984 2629 3167 mamatiloa, mixiotexuja: vncā
1409 3095 2630 3257 oneoa, in teupan, ynic maltiti
1400 3213 2620 3388 uh, yn innealtiaia, amo qujn
1407 3357 2608 3510 mamatilooaia, çan qujntzotzoi
1404 3474 2594 3644 na, qujntlatlatzinja, iuhqujn
1413 3597 2610 3761 tlatlatzcatimanj, ic poujia, ic
1410 3706 2615 3870 vel qujca in chiaoaliztli. Auh
1389 3834 2625 3980 no yquac, netzonpaco intlama
1389 3935 2667 4084 nj, motzopaca, mamouja: ipanl
