2624 4190
401 65 1539 276 Del Pibro. 4.
20 210 2549 411 que qujere dezir yn pedernal: hacho amanera de hierro de lan ça
23 353 2567 538 tinjdo lamjtad del consangre: este estaua puesto hazia la parte cles
19 484 2566 629 septenclrion en respecto del circulo. El tercero caracter era vna casa
37 586 2559 720 pintada, que ellos llaman cecalli, esta puesta hazia la paxte del oc
22 720 2563 840 cidente, en respecto del circulo. El quarto caracter es la semejança
29 796 2569 928 de vn conejo que ellos llaman ce tochtli: esta puesto hazia lapar
24 911 2542 1047 te del medio dia, en respecto del circelo : contauan por estos caxa
21 1021 2565 1158 ctares emcuenta y dos años, dando acada vno de los caracteres treze
34 1090 2578 1232 años, y contauan desta manera, ce acatl, vme tecpatl, ei calli, navitoch
30 1198 2549 1370 tli, y andi dando boel tas, por estos caracteres, hasto que encada vno
20 1309 2577 1436 se cumpliessen treze años, los quales todos juntos, son quatro vezes tro
44 1410 2573 1547 que hazen encuenta y dos años: el fin omcencion desta cuenta es, d
34 1530 2579 1678 nouax cada eincuenca ydos años, el pactos, o concierto, o juxamento,
28 1609 2568 1732 de serujr alos idolos. Porque enel fin delos emeuenta y dos años, ha
30 1697 2565 1867 zian vna muy solemne fiesta, y sacauan fuego nueuo, y apagauan
30 1823 2565 1999 todo lo viejo y tomauan todas las proujncias desta nueua españo
37 1924 2543 2032 fuego nueuo; en tonce renouauan todas las estatuas de los idolos,
33 2038 2537 2173 ytodas sus alhajas, y el proposito dezenujr los o tros eicuenta idos
34 2138 2569 2297 años. Y fambien tenjan profecia lo oraculo del demonjo, que en vno
31 2203 2575 2335 destos periodos seauja de acabar el mundo. G Latercera cuenta qua
46 2340 2552 2457 estos naturales vsauan, era el axte para adiujna la fortuna ous
29 2433 2558 2586 tura, que tendrian los que nacian hombres y mugeres. Pra desta mo
38 2544 2554 2688 nera que tenjan veite caractores: al primero llamauan cipactli, o
36 2639 2572 2784 szegundo hecatl, el tercero calli, el quaxto cuetspali, el qujnto coatl. f.
41 2734 2585 2890 hasta veite como esta pintado en la figura, que esta alfin deste apē
37 2830 2566 3000 diz; dezian que cadavno destos caradteres, reinaua treze dias, que
43 2942 2553 3112 todos juntos son dozientos y setenta dias. Algunos dizen queestos
39 3046 2598 3198 treze dias, son semanas del mes vno es ançi cino numero de dias et
47 3130 2590 3305 que reina el signo o caracter: las zemanas de los meses soncinco dias
46 3249 2539 3397 yansii ay encada mes quatro zemanas y los tianquesz, o mercados
31 3327 2574 3511 poor este numero de dias se señalla, o solian señallasrze, que deemco
32 3445 2553 3606 encinco dias hechauā los mercados, oferias, y ansu notenjan sema
31 3538 2536 3701 na, omo qujntana, ya agora en muchas partes hechan los mer
45 3624 2565 3821 cados y ferias por nuestra zemana de siete en ciete dias. E nesta
50 3757 2544 3931 cuenta adiujna toria, mobicita entre ponen se los caracteres cle
41 3855 2536 4093 la cuenta de los años: conviene asader, aquellos quatro caxacteres
