2602 4034
971 32 1680 223 del primero libro.
1351 235 2569 374 palnemoanj, in teiocujanj: auh ca ytech oti
50 264 1271 401 conuersentur, inquirunt es per
1359 346 2530 422 totzotzonato, in tonatiuh, in metztli in
50 382 1267 539 suasum habent quonjam bona
1340 411 2531 527 cicitlalti, yoan oc cequj tlachioalti: ipam
1341 487 2505 594 pa camauiztique, vellacoti, cenca teio
49 499 1258 670 sunt que videntur. Jterum aute
1341 553 2521 658 llalique, vel tetlamachtique: ca nel titla
1338 636 2534 721 ca amo chicaoac in toiollo, intotlamachi
45 641 1259 794 ne his, debet ignosci. Si enjm tan
1346 700 2502 819 liz. E. Jnjn tlatolli, ynjc momanauiz
53 744 1253 896 tum potuerunt scire, vt possenr
1353 756 2542 902 nequj tlateutocanjme: ca amo teiolpachiuj
1345 846 2525 944 ti, ca çan tequalanj, ipampa amo teiolpa
50 846 1288 1074 estimare seculum: quomodo hu
1347 908 2547 1028 chiujti: ca in iehoantin, oqujpeoaltique, in
1356 971 2538 1089 tlateutoqujliztli, mjec tlamantli oqujnex
67 987 1274 1171 jus domjnum non facilius in
1347 1046 2583 1179 tique, oqujttaque, in ouj tlatolli: in xiuhtla
1355 1116 2549 1250 poaliztli, in tonalpoaliztli, yoan in oc cequj
64 1134 1279 1283 uenerunt. F. Jnfelices autem
1343 1187 2577 1324 quj tlatolli, oqujttaque, oqujnextique: auh
1339 1288 2528 1419 in quenjn omojolnonotzque, in quenjn o
51 1258 1248 1438 sunt, et inter mortuos spes illo
1355 1347 2551 1495 qujnemjlique, injc oqujximatque in omo
60 1390 1276 1563 xum est, quj appellauerunt de
1346 1419 2544 1550 teneuh: çan no iuhquj, oc oalca, ynjc quj
1345 1509 2543 1629 ximatizquja, qujttazauja, yn jpalnemoa
62 1516 1292 1699 os opera manuun homjnum
1353 1576 2570 1706 nj, in tlachioale, intla vellanemjlianj, intla
1346 1658 2555 1792 vel moiolnonotzanj. F. Ointlaueliltic, in
61 1666 1280 1841 aurum ec argentum, artis in
1349 1743 2534 1868 iehoanti, in tlacamjccapupul, in qujmoteu
1350 1814 2564 1934 tique, in tetlaxintli, in quaujtl tlaxintli, in
58 1804 1275 1960 ventionem, et simjlitudines, a
1348 1903 2552 2027 teixiptla, in tepatillo: in teucujtlatl, yn a
64 1936 1282 2121 njmalium, aut lapidem in uti
1355 1989 2525 2098 noço tepuztli, ic tlachiuhtli: yn anoço ie o
1349 2065 2546 2206 qujmoteutique, in manenemj, yn patlanti
55 2064 1280 2248 lem opus manus antique. G.
1362 2127 2546 2251 nemj, in atlan nemj: yn anoço, ymjxiptla
1356 2198 2560 2331 oan, in qujnxinque, in quauhxinque, inte
63 2188 1287 2400 Aut si qujs artifex faber de syl
1344 2268 2530 2402 tzotzonque, yn anoço in teucujtlapitzque
1356 2350 2564 2475 oqujpitzque. G. Jzcatquj, yn jntlachioal
56 2331 1251 2529 ua lignum rectum secuerit, et
1367 2424 2542 2565 yn tlateutocanjme in cenca vel tetlapolol
59 2461 1273 2646 hujus docte eradat omnem cor
1358 2488 2528 2634 ti, in vel teicauj: ca in aca quauhxinquj
1362 2572 2561 2730 qujchoaznequj yn jteouh vmpa iauh in
65 2588 1274 2767 ticem, et arte sua vsus diligē
1361 2656 2574 2804 quauhtla, cequaujtl qujtlaça, ie in qua
1358 2737 2573 2872 lli, ie in melaoac: auh njman qujmatla
40 2718 1258 2927 ter fabricet vas vtile inçon
1343 2831 2562 2973 tlaça, qujmatepeoa: auh ynjmama, ynj
53 2854 1279 3082 uevsationem vitae, reliqujjs
1356 2896 2527 3069 matzocul in quaujtl, vmpa iauh yn j
1358 3021 2525 3147 chan, vmpa monequiz: ynjc ycuciz, y
46 2997 1278 3193 autem ejus operis ad prepa
1354 3102 2498 3237 tlaqual. Auh in quaujtl, qujtequj:
1355 3191 2541 3326 cen tlacutl, quauhtemjmjlli, qujchioa:
50 3167 1228 3314 rationem esce abutatur: et
1358 3265 2540 3411 auh yn oc centlacutl, vel qujxima, yuja
55 3313 1281 3504 reliquum horum quod adnu
1347 3360 2543 3508 qujxixima, qujtzontecontia, qujxtelolo
1347 3445 2545 3603 tia, qujxaiacatia, qujtlactia, qujmatia,
45 3451 1251 3631 llos est vsus, faciat lignum
1354 3528 2554 3678 qujxictia: auh yn jquac oiecauh njmā
1348 3607 2514 3735 tepantli itech qujcaltia, vncan qujque
57 3597 1269 3788 curuum, et verticibus plenū
1353 3714 2515 3818 tza: auh ynjc amo vetziz, caltech quj
1357 3782 2503 3903 quāmjna, aço ica tlaxichtli, anoço ica
50 3744 1297 3927 sculpat diligenter por vacuita
1346 3869 1830 3973 tepuztlaxichtli.
