2428 3594
0 86 104 209 q lo
1014 30 1653 202 del primero libro
277 182 2329 344 Comiença el apendiz, del primero libro: en que se confuta
240 292 2327 490 la ydolatria, arriba puesta: por el testo, de la sagrada
257 399 2344 582 escriptura, y buelta en lengua mexicana: declarando,
258 521 1152 718 el testo suficientemente.
1038 993 1799 1157 Prologo mexicano
346 1435 2346 1522 Jnamehoantin, in njcan antlaca, in nueva españa: in anmexica, in antlax
315 1509 2321 1605 calteca, in ancholulteca, in anmjchoaque, yoan in amjxqujchtin in anma
267 1570 2297 1664 cehoaltin, in njcan annemj in india tlalli ipan: ca cenca vey tlaiooalli, yoan ne
262 1636 2314 1727 tlapololtiliztli, yn atlaneltoqujliztli, in tlateutoqujliztli, in jpan oamechcauhti
259 1679 2319 1795 aque yn amotahoan, yn amoculhoan, yn amachcoculhoan: yn juh neci, in ipa
257 1779 2307 1887 ie uecauh amotlacujlol: ma vel cenca xiccaqujçan, vel xicacicacaqujcan. Ca in
259 1803 2340 1953 axcan, oqujmonequjlti in totecujo dios, otlacauhquj yn jiollotzin, yn oamechoal
255 1872 2301 2008 mjoalili, in tlaujlli, in ocotl, in tlanextli: injc anqujmjximachilizque, in vel
257 1947 2309 2081 nelli dios teiocuianj, in qujmocujtlaujtzinoa, in jxqujch in jtlachioaltzin. Auh
246 2016 2358 2175 yn netlapololtiliztli; yn jpan annemj yn jxqujchcavitl, vmpa otioallaque: ca iehoatl
258 2089 2321 2251 yn amechiztlacaujaia, amechtlapololtiaia: auh in tlavilli, in tlanextli anqujcno
261 2159 2288 2321 pilhuizque, yn jca vel melaoac tlaneltoqujliztli: yoan ic vel anqujcuizque, an
266 2238 2298 2386 qujcaquizque, yn jtlatoltzin dios, yn njcan icujliuhtica: in vel iehoatl in amo
263 2303 2293 2442 tlatocatzin in españa rey, in amechvalmjvalili: no iehoatzin in jxiptlatzin
247 2386 2318 2505 Dios in sancto padre, in roma moyetztica. Auh injn caipampa oqujmuchi
242 2461 2295 2600 vilique, injc in mac anqujçazque in diablosme: ioan ynjc anqujenopilviz
242 2548 878 2689 que yn jlvicac tlatocaiotl
993 2569 1674 2730 Prologo en romance.
247 2690 2409 2815 Vosotros los habitadores, desta nueua españa: que soys los mexicanos, tlaxcaltecas, y los que ha
234 2758 2421 2904 ys en la tierra de mechuacan: y todos los demas yndios, destas indias occidentales: sabed qu
244 2835 2423 2969 dos aveys viujdo en grandes tinjeblas, de infidelidad, y ydolatria: enque os dexaron vuestros n
234 2920 2411 3043 passados: como esta claro por vuestras escripturas, y pinturas irritos ydolatricos, en q̄auey
238 2957 2434 3108 do hasta agora. Pues oyd agora, cō atencion, y entended con diligencia: la mjsericordia que nr
238 3041 2436 3168 ñor os a necho, por sola su clemēcia: enq̄ osa ēbiado la lūbre defe catholica: paraq̄ conozi
230 3131 2404 3252 q̄ el solo es verdadero dios, criador, y redēptor: elqual solo rige todo el mūdo. Y sabed, q̄los errore,
223 3198 2407 3291 aveys viujdo todo el tpō passado: os tiene ciegos, y engañados: y paraq̄ entendays, la luz q̄os a venj
230 3266 2412 3375 ujene q̄ creays, y cō toda volūtad recibays: lo que aquj esta escrito: q̄ son palabras de dios: las qua
235 3316 2403 3435 embia vrō rey, y señor q̄esta en españa: y el vicario de dios sancto padre: que esta en roma. Y
239 3379 2408 3513 es, para q̄ os escapeis de las manos del diablo, en q̄ aueys viujdo, hasta agora: y vays a reynar con d
210 3465 486 3597 enel cielo.
