2482 3734
1165 36 1463 171 sipendiz.
167 86 1210 242 oCapitulo treynta y seys, del baño, o te
1283 113 2396 270 Jnic cempoalli oncastolli oce capitulo, y
202 177 480 276 mazcalli.
1304 209 2124 310 techpa tlatoa: yn temazcalli.
213 213 1227 345 Otra abusion, dezian: que si algu melliço estaua
1279 241 2435 380 Intemazcalli, in vncan netemalo: intlanel cen
209 306 1234 385 cexca del baño, quando le calentauan: aunque
1303 347 2435 426 totonquj, intla vmpa iaz in moteneoa cocoa: njn
210 362 1246 445 estriujesse muy caliente, le haria esfriar se: y mu
1302 417 2444 499 qujpountitlaça, qujpoloa injc cenca totonqujy,
191 413 1227 491 cho mas, si era alguno de los que sebanasse.
1302 456 2441 544 catca in temazcalli: intlanel çan qujiaoac onmo
193 473 1246 566 Y para remediar esto: hazian le: que regasse con
1294 510 2445 614 quetzatiuh: oc cenca intlatehoan motemaz. Aih
205 536 1241 619 aguaquatro vezes con su mano lo interioa,
1297 575 2420 669 injc patiz qujlnappa in vel inoma contlaçaz,
188 592 1230 678 ael bano: y con esto nose esfriaua, sino calen
1299 606 2430 736 conatequjz tapaicatl: qujlic amo qujpoloz, injē
207 658 1223 732 taua mas. Otra abusion tenjan, cerca de los
1297 719 2439 806 tonquj: çan occenca totonquj iez. Ioan in vi
201 712 1231 793 melliços, dezian: que si entrauan, donde te
1302 770 2433 852 tin tlacati, in mjtoacocoa, qujlmach in canjn
208 773 1228 867 njan tochomitl: luego se dañaua la color:
1298 840 2441 944 tlapalo, in qujpa tochomjtl: amo vel vmpa ca
205 831 1236 926 yloque se teñja, salia manchado: especial
195 904 1214 980 mente lo colorado. Y para remediar esto:
1292 909 2437 1001 quj: yntla vmpa calaqujz, qujlmach qujxoxā
199 958 1238 1051 dauan le abeuer vnpoco del agua, conque te
1300 969 2431 1069 qujpitza in tlapalli: amo qualli inqujça, ca
210 1025 1229 1096 njan. Otra abusion tenjan, cexca de los melli
1290 1037 2435 1146 mocujcujcujloa: oc cenca yehoatl inchichiltic,
203 1067 1211 1181 ços, dezian: quesi entraua vn melliço, donde
1303 1099 2435 1207 Auh injcpati, achi contlapaloltia in tlapalca
175 1140 1239 1233 se cozian tamales: luego los agxaua. Y tam
1283 1165 2437 1280 qujl ic amo ytlacaviz in tochomjtl. o you
188 1204 1221 1291 bien ala olla, que no se podian cozer: aunque
1294 1240 2428 1325 in iehoantin in mjtoa coçoa, in canjn mopaoac
199 1273 1224 1365 coziessen vn dia entexo: y salian ametalados,
1290 1308 2426 1389 tamalli: amono vel vmpa calaquj: iehica qujlmac
195 1328 1206 1437 en parte cozidos, en parte crudos. Y para re
1284 1357 2429 1474 intla vmpa calaquizque, no qujxoxa in tamalliz,
190 1392 1221 1500 mediar esto, hazianle: que el mjsmo pufieste
1289 1423 2409 1513 an in comjtl: amovel zcuci, in tlanel cemjltiā,
196 1467 1216 1564 el huego a la olla, hechando leña de baxo
1296 1505 2410 1589 çan chichico ycucizin tamalli. Auh injcpati, in
180 1527 1258 1626 della. Y si poruentura: hechauan tamales del
1289 1559 2428 1661 amo iuh muchioaz: in iquac tlaocalaqujto, io
186 1595 1219 1671 ante del, en la olla, paraque se coziessen:
1290 1638 2412 1742 tlatiz in comjtl. Auh in tlanoçe ijxpan mocca
185 1659 1209 1756 el mjsmo melliço, auja de hechar vno,
1286 1698 2411 1813 tema tamalli, centetl ipan contiatilia: qujli
175 1733 1220 1834 en la mjsma olla: y sino, nose cozerian.
1293 1772 1968 1866 amo ytlacaviz in tamalli.
152 1793 1223 1940 Capitulo treinta y siete: de quando
1273 1804 2444 1955 Injc cempoalli oncastolli omome capitla
198 1884 1214 1994 los muchachos, mudan los dientes,
1291 1909 2419 2023 itechpa tlatoa: in jquac vetzi intlan pipia
155 1961 1196 2085 tra abufion tenjan: cerca del mudar de
1279 1996 1461 2085 tonti.
203 2041 1213 2135 los dientes, de los muchachos, dezian: que
1266 2035 2429 2172 Injquac vetzi intlan pipiltotonti: yntenanes
187 2114 1218 2188 quando mudaua vn diente, algun mucha
1283 2116 2414 2245 itlacoioccocontlaça in qujmjchin, anoçe injc
197 2176 1208 2257 cho, lu madre, o padre: hechaua el diente
1271 2190 2419 2296 hoan, qujmjlhuja: ytlacoiocco xictlali in qui
192 2217 1243 2326 mudado, en el agujero de los ratones: o mā
1275 2244 2423 2376 mjchin: iehica qujl in tlacamo iuhqujchic,
192 2282 1217 2389 daua lo hechar, dezian: que sino lo hecha
1271 2328 2428 2457 que, amovel ixoaz in jtlan piltontli: ço
185 2351 1209 2471 uan, enel agujexo de los ratones: no nace
180 2426 1062 2533 ria, y que se quedaria desdentado.
1271 2430 1715 2516 tlancotoctic iez.
158 2579 2422 2719 stas abusiones, en pecen ala fe: y por esso, conujene sabellas, y predici
197 2659 2422 2817 contra ellas. Anse puesto, estas pocas: aunque ay otras muchas, ma
185 2755 2427 2914 los diligentes predicadores, y confessores, bulquen las, para entendo
183 2869 2411 2998 las, en las confessiones: y para predicar, contra ellas: porque Ji
184 2980 1565 3108 como vna sarna, que enferma ala fe
1361 3606 1505 3699 oo
