2650 4130
330 21 892 221 de la fiesta
23 209 1170 365 los cabellos, lleuauanlas atadas, des
19 348 1144 474 de la frente, al colodrillo, ningu
28 435 1162 558 na cosa lleuaua en la cara pues
24 511 1144 627 ta todas, lleuauan las caras ese
17 604 1154 744 tas ylimpias. Los hombres an
20 691 1171 833 dauan tambien muy ataujados:
21 803 1169 934 trayan vna manta de algodon ra
27 878 1142 1034 la como red, los que dellos eran
12 993 1157 1145 señalados, por valientes, y que
32 1115 1133 1247 podian traer becotes: trayan es
42 1234 1156 1358 tas mantas, bordadas de caraco
39 1307 1152 1434 litos blancos: estas mantas assi
42 1406 1133 1535 bordadas, llamauan, nochpal
44 1500 1127 1654 cuechintli: los de mas que no e
41 1616 1163 1771 ran assi señalados, trayan estas
29 1724 1133 1878 mantas negras, con sus flocadu
45 1839 1140 1968 ras: todos lleuauan orejeras,
34 1915 1157 2060 hechas de vna materra baxa,
19 2008 1164 2194 pero los que yuan delante, lle
47 2116 1140 2287 uauan orejeras de cobre con
44 2214 1164 2407 vnos pinjantes, y los becotes
44 2328 1154 2500 lleuauan conformes alas ore
51 2432 1149 2590 leras: vnos los lleuauan, he
53 2569 1168 2704 chos a manera de la gartija:
52 2665 1147 2796 otros amanexa de perrillos:
39 2779 1171 2932 otros quadrados, o de quatro es
36 2893 1161 3050 qujnas. Y los mancebos, que a
49 3007 1173 3157 ujan hecho, alguna cosa sena
49 3111 1172 3271 lada enguerra: lleuauan vnos
40 3204 1157 3371 becotes redondos, como vn err
33 3344 1165 3481 culo, con quatro circulillos en
36 3441 1151 3587 cruz, dentro enla cixcunfe
45 3555 1157 3714 rencia, que era algo aneha:
20 3641 1174 3788 todos los otros tancebos, lleua
48 3760 1153 3893 uan vnos becotes, amanera
1412 14 2141 209 veitecujlhujtl,
2335 73 2615 220 fō. 52.
1232 240 2429 386 Auh yn invipil, cequj quappa
1242 367 2398 489 chpipilcac, cequj pocuipilli, ce
1229 468 2380 647 quj pocujpilli, cequj iapalpi
1242 591 2384 738 pilcac, cequj cacallo, cequj,
1252 696 2439 863 mjmjchcho, cequj can petztic.
1246 817 2373 980 Auh yn jtozquj, much ueuei:
1245 922 2397 1101 yoan yniten cenca no papa
1252 1031 2408 1231 tlaoac, papatlactic. Auh yni
1253 1166 2407 1340 quac, mjtotza, qujtoma ynjn
1243 1294 2429 1437 tzon, çan intzon qujquequen
1236 1388 2412 1551 tinemj: auh yn jntzoni piloaz,
1254 1481 2393 1681 ymixquac qujoalteca. Auh a
1240 1631 2387 1757 mo mopotonja, amono moxa
1241 1713 2442 1891 oa. Auh ynic muchichioaia
1246 1850 2438 1983 inteachcaoan, ynjn nechichi
1241 1934 2441 2095 oal catca, iehoatl in cuechintli:
1249 2085 2399 2218 auh in tiacaoan, inteçacaoa
1239 2169 2408 2386 que, ymiztac cuechin cilin
1242 2302 2413 2498 ynic mjmjchcho, motocaiotia
1250 2415 2442 2586 in nochpalcuechin. Auh in ix
1262 2542 2438 2732 qujchtlacatl in çaçan tiiacaoa,
1257 2657 2423 2837 telpopuchti: çan tliltic ynjn
1242 2797 2416 2922 chechin, muchi tenjxo, yoan
1251 2877 2437 3067 muchintin in xixiuh: auh in
1239 3022 2392 3193 tlaiacatia, çan in cocoiolnaco
1243 3134 2424 3314 ch: auh in cocoiolnacoche: a
1252 3254 2426 3423 uh yn jntenpilol, qujnamic
1256 3374 2398 3562 tia, cequj aujtlatztli, cequj
1253 3514 2534 3675 itzcujntenpilolli, cequj apactac
1254 3645 2426 3810 tli, anoço tlaxantectli. Auh
1243 3773 2485 3938 yn telpopuchtin, in ie tzotzocole.
