2442 4018
573 31 1170 230 libro. 2.
24 257 1219 395 Vna parte se ponjan los tenuchcas,
67 359 1256 474 y en otra los tlatilulcas: comencaua
84 426 1234 540 a hazer saetas: aeste dia llamaua
82 511 1243 631 tlacati in tlacochtli. Eneste dia to
77 591 1247 716 dos hazian penitencia, todos saca
71 656 1276 802 uan sangre de la orejas, cortandose:
72 759 1246 911 y si alguno no se sangraua, de las o
75 831 1238 1004 rejas, tomauanle la manta, los que
66 932 1263 1085 tenjan cujdado de recoger: la gente
88 1054 1220 1185 que llamauan tepanmanj, nun
88 1112 1258 1257 ca mas se la dauan. Y ios dias que
64 1201 1228 1367 entendian, en hazer estas saetas,
76 1304 1256 1452 nadie dormja con muger, y nadie
65 1402 1205 1559 beuja pulcre: todas las saetas
89 1500 1217 1639 eran hechas a vna medida, y los
77 1619 1235 1761 caxqujllos, que eran vnas pun
80 1701 1249 1843 tas, tan largas, como vn xeme, he
79 1787 1247 1945 chas de roble. eran tambien to
75 1890 1241 2053 das y guales, todos cortauan las
90 1997 1246 2120 cañas, a vna medida cortadas, da
80 2077 1212 2234 uanlas alos que las ponjan las
91 2165 1200 2332 puntas: y aquellas atauanlas,
93 2248 1231 2445 muy bien con ichtli, con hilos de
102 2350 1219 2530 nequen, muy bien torcidos, por
83 2464 1215 2644 que no se hindiessen, al meter
99 2547 1227 2719 de las puntas, metian engrudo
88 2649 1256 2821 enel agujero de la caña: y luego
79 2740 1237 2927 la punta, sobre el engrudo, en
101 2841 1257 3014 ponjendola la punta, como auja
84 2940 1256 3110 de estar: vntauan con resina la
97 3035 1238 3174 atadura de la caña, y tambien
85 3137 1223 3279 al cabo, donde auja de herir la
100 3246 1246 3393 cuerda del arco. En acabando
104 3326 1247 3486 de aparejar las saetas, hazianlas
98 3436 1224 3603 luegohacecillos, de veinte en ve
95 3534 1235 3682 ynte: y luego se ordenauan, co
84 3620 1222 3764 mo en procesion, lleuauan ha
87 3704 1246 3856 zecillos todos aponerlos, y presen
103 3794 1237 3936 tauanlas, deiante de Vitzilopuch
1464 49 2337 219 delas cerimonjas.
1310 252 2399 398 ca: njmā ie ic muchioa in mjc
1325 389 2398 532 mjtoaia tlacati in tlacochtli,
1330 518 2390 640 anoço yiaoaro. Auh mjquac
1323 618 2387 750 tlacatia, tlacoctitli; neçaoa
1304 726 2402 890 loia, qujneçaviliaia, ixquj
1316 843 2396 1003 chtlaçatl mjçoia: auh maquj
1299 910 2384 1086 itto, mamo mjço qujpepetla
1310 1043 2387 1197 oaia, aocmoqujmaca mjtu
1311 1145 2395 1319 ma, ic cenqujt qujlia ifepā
1298 1246 2386 1408 manj. Auh ijquac tlacatia
1322 1368 2377 1530 mjel, aiac cioacochca: ciuh
1309 1495 2396 1651 in vevetque, amoquja in ve
1311 1610 2415 1736 lli, amo tlaoanaia, motlaca
1305 1725 2392 1888 oaltiaia, qujmocaoaltiaia
1302 1853 2389 1985 mvctli. Auh i muchis aia
1309 1953 2408 2137 mjtl, oalqujca itamachiuh
1306 2074 2407 2227 ca, çan muchixqujch, i mos
1309 2206 2403 2359 chioaia: auh in claxichtliza
1308 2320 2388 2476 muchixqujch, atlechicoviaā
1302 2447 2402 2598 acle tlapatiliaia: njmā o
1310 2550 2386 2700 ic tlateco macatl, m mac qui
1314 2671 2379 2808 oallaztivi, in tla tlaxichaq
1300 2773 2382 2941 in qujtlaxichaquja, vel qui
1303 2875 2396 3043 chtecuja macatl, vel ichtus
1317 2987 2402 3169 qujtetecuja, mjc amo iujtla
1312 3149 2413 3269 tzaianjz in tlaxichtli; tzacupā
1308 3249 2412 3406 icōquetza, ijc vel tilinjz, mj
1322 3340 2396 3513 veltiitzicatz. Auh mocō can
1315 3482 2367 3653 cauhque: njma ieic cocotzo
1309 3604 2420 3791 via, mjquac, yoan itzintlatlo,
1316 3725 2420 3868 caniciuihca muchioa. Autitla
