2592 4124
587 35 1171 221 Libro. E.
89 266 1358 392 uanlos, los padrinos, y madrinas,
91 367 1385 500 a rodearlos, por la llama de vn fue
81 468 1357 638 go, que tenjan aparejado para
96 544 1383 705 esto: que enel latin se dize lustra
102 644 1379 790 re, que es cerimonja, que la sagra
98 743 1339 879 da escritura reprehende. Auja
97 833 1364 998 gran bozexia de los muchachos, y
106 908 1365 1072 muchachas, por el agujeramjento
106 1010 1365 1174 de las orejas. hecho esto, yuanse,
100 1108 1362 1267 asus casas; y alla comjan, y be
111 1214 1349 1372 ujan los padrinos y madrinas
113 1284 1367 1459 todos juntos, y cantauan y bay
107 1396 1367 1568 lauan. Y al medio dia, los padri
124 1502 1377 1670 nos y madrinas, yuan otra uez
118 1572 1362 1740 alcu: y lleuauan sus ahijados,
119 1702 1406 1852 y ahijadas: tambien lleuauan pul
105 1802 1388 1928 cre, ensus jarros: luego comença
126 1872 1369 2036 uan vn areyto, y baylando: tray
132 1972 1368 2100 an acuestas asus ahijados, y a
126 2069 1375 2247 hijadas, y dauaan los abeuer del
124 2168 1379 2337 pulcre, que lleuauan convuas
121 2261 1346 2427 tacitas pequeñjtas: y por esto
113 2354 1348 2540 llamauan, aesta fiesta la bo
118 2465 1380 2650 rracheras de los njños, y njñas.
99 2590 1376 2770 Duraua este bayle, hasta la tar
124 2709 1358 2874 de, entonces se yuan asus ca
117 2814 1341 3023 sas: y en el patio desus casas,
127 2943 1390 3093 hazian el mismo areyto, y todos
120 3033 1355 3219 los de casa, y los vezinos beuj
133 3137 1376 3333 an pulcre. Tambien hazian o
139 3235 1374 3405 tra cerimonja, que tomavā
130 3348 1380 3506 con las manos, alos njños ynj
134 3459 1399 3641 ñas apretandoles, por las sienes,
134 3573 1382 3738 los leuanntauan en alto: dezian
131 3688 1335 3882 que assi los hazian crescer: y
126 3829 1363 4010 por esto, llamauan aesta fies
1668 61 2474 231 do las cerimonjas
1434 257 2519 458 tleco qujmonjauhtimanj: nj
1440 391 2533 559 man ic qujnoalmacatimo
1423 491 2543 671 nj in tetlati, in teaviti: auh
1437 615 2540 812 mpipiltotonti iuhqujntla
1426 751 2546 909 tzatzatiz, iuhqujn tlacaoaca
1426 855 2534 1034 timanj: njman ic iatimonj
1424 960 2524 1126 i inchachan: auh in onia
1432 1086 2537 1285 que, inehan, njmā ie ic tla
1429 1211 2549 1414 tlaquaio, faatlioa. Muhina
1441 1331 2533 1513 teoculoc teupan in iecujco
1435 1452 2507 1613 i ie netotilo, nepan tlato
1421 1602 2534 1756 natiuh: njmā ic no ceppa yi
1438 1720 2553 1898 loa in teupan, in Tetlaoat,
1439 1835 2519 1993 mtavioan qujnvivicain
1443 1922 2528 2108 pipiltitonti, in clatlatqujle
1435 2051 2529 2221 tiuh in vctli, in tlatoiaoalli
1429 2201 2515 2359 xicalhujcoltica in qujitquj,
1435 2307 2513 2473 cequj apiloltica: auh in oaa
1419 2427 2516 2608 to vncā cujco: njmaieic otl
1425 2532 2540 2721 momana i mjtotia, qujntla
1430 2659 2517 2827 mama in pipiltotonti: vnes
1425 2784 2518 2943 qujmomacatimanj, qujtli
1440 2901 2517 3086 macatinemj in vctli: nete
1433 3022 2512 3180 ch qujmomamaca: Nuh ijc
1444 3129 2489 3278 quja mjctlaoanaia, in tla
1436 3257 2527 3401 oan ca xitl, cantepiton, ca
1433 3365 2525 3531 tetepiton: auh muchin tis
1433 3473 2503 3655 qujn tlaoantiaia mpipil
1429 3614 2485 3788 tot vnti: ie mjcmoteneoa,
1433 3746 2514 3884 pellaoano. Auh iatautlac
1419 3863 2522 4036 in neçacaoaloia, viviloam
