2398 3936
342 -2 921 166 Libro. E.
134 182 1316 309 mauanle ansi, porque en este mes
136 299 1294 409 suelen començar los truenos: y
152 350 1272 491 las primeras aguas alla, en los
145 435 1271 568 montes : y dezia la gente popu
133 529 1306 653 lar, y a vienen los dioses tlalo
129 623 1282 758 ques. Eneste tiempo los satra
135 696 1294 848 pas de los tlaloques, andauan
146 784 1279 917 muy deuotos, y muy penjten
129 882 1280 1029 tes, rogando asus dioses, porel
129 996 1270 1118 cigua y esperando la lluuja,
123 1084 1300 1218 comencando atronar, y hazer
123 1180 1276 1311 señales de lluuja: luego estos
117 1276 1289 1405 satrapas, tomauan sus incen
131 1395 1300 1502 sarios, que eran como vnas cu
147 1452 1292 1608 charas grandes agujeradas, lle
127 1534 1304 1707 nas de brasas: y los astiles largos
125 1632 1272 1799 delgados y rollicos, y huecos, y
113 1755 1285 1893 tenjan vnas sonajas dentro: y
114 1839 1269 2007 el remate que era vna cabeça
108 1942 1267 2050 de culebra. Enestos in censarios,
109 2036 1268 2148 sobre las brasas, echauan su inci
118 2135 1267 2273 enso, que llaman yiauhtli: y co
96 2222 1255 2370 mencauan luego a hazer ruydo
100 2327 1288 2449 con las sonajas, que estauan en el
105 2429 1275 2558 astil, moujendole aca yalla, y co
103 2504 1260 2637 mencauan luego ayncensar to,
103 2577 1260 2729 das las estatuas de los cues, y
86 2679 1255 2814 de los tlaxilacales, Con estos ser
95 2809 1237 2910 ujcios demandauan, y espera
88 2873 1235 3014 uan la lluuja. La otra gente,
105 2956 1255 3113 por amor del agua, hazian votos
86 3053 1253 3198 de hazer las ymagines de los mon
81 3150 1261 3298 tes: cinco dias antes, de llegara
82 3257 1282 3387 esta fiesta, comprauan papel, yvlli
65 3320 1285 3477 ynequen ynauajas: y con mucha
74 3416 1277 3588 deuocion aparajauanse, con ayu
85 3543 1264 3672 nos, y penitencia, para hazer las
70 3645 1288 3762 y magines de los montes, y para cu
81 3717 1248 3847 brirlos con papel. En estos tiempos,
1532 25 2343 184 de las cerimonjo,
1399 191 2362 346 quac iancujcan oalanjza
1384 320 2375 465 oalaca, titicujca in qujaz
1383 442 2357 599 qujtoaia mjxqujch mac
1392 548 2371 714 oalli, atemo, anoço temol
1379 689 2370 848 tlaloque. Auh i jquac yn
1377 754 2400 924 tlaloçan tlenamacac, cosc
1374 894 2381 1083 tiaoeuxtica, tlateumab.
1371 992 2402 1181 mechixcaca, motemachica
1367 1134 2372 1290 ca: in quenma oalanjz q̄u
1380 1252 2375 1412 vitl: auh mo oalan qujoi
1378 1371 2375 1532 njmaic moquetztiqujcaz,
1376 1486 2402 1639 cujtivetzi mjtlema, vel ti
1349 1607 2350 1785 tlatztic, çanpitzaton mjq
1367 1724 2367 1884 uhio, cacalaca intlemaioz
1366 1861 2356 2043 atlipan qujca: auh mjtzi
1347 1966 2360 2129 tecon coatl noçacalaca, a
1350 2089 2363 2258 iollo: njmā qujxopiloti ve
1358 2177 2367 2389 mtlexochtli, in eletl: njnco
1347 2318 2354 2496 contaenti vetzi mjaiauhti,
1365 2440 2343 2592 mjxcavia: mee clenamas
1345 2569 2319 2723 nauh campa in conjaoā,
1338 2678 2353 2820 cacacalaca, ixaoaca, icho
1339 2813 2349 2958 ca: meciauh novian nestiz,
1336 2902 2364 3070 no vcan qujça in teutoaza
1342 3032 2364 3188 novian tlenamaca, novibzia
1343 3127 2349 3281 tlatotonja, ic tlatemachiaz,
1334 3262 2360 3406 qujnotza in tlaloque, ic qzu,
1339 3371 2349 3547 auh tlatlanj. Auh in ceci
1329 3493 2351 3635 tin maceoalti, monetolio
1326 3598 2361 3789 ia mjc tepiquizque: auh
1333 3716 2354 3866 cujltica mamatemaia, iu
