2398 3956
441 5 1019 195 Pibro. 2.
88 209 1240 349 bidados, y los que hazian la fiesta
83 294 1265 447 dauanlos mantas, y mastles, o loq
92 373 1280 524 querian: y las mugeres entrauan
104 481 1280 612 ordenadas por otra parte, y dauan
95 572 1254 721 les vipiles, o naoas, o lo quequeri
97 660 1291 807 an. Estas fiestas, hazian solos, los
94 746 1281 895 mercaderes, que comprauan los
90 855 1263 980 esclauos: aujendo dado las man
96 942 1267 1079 tas, y lo demas, alos combidados,
70 1028 1276 1203 luego lleuauan los esclauos alcu
91 1121 1259 1289 y despues que aujan dado buel
99 1228 1274 1372 ta al cu enprocesion, luego los
90 1320 1274 1460 subian sobre el cu, llegando arri
90 1431 1273 1537 ba, andauan enprocesion al rede
93 1538 1273 1672 dor el taxon, y tornauan adescen
85 1621 1244 1777 dir abaxo: y desque llegauan aba
61 1710 1231 1878 xo, yuan corriendo al calpulco, o
78 1829 1239 1939 tros no corrian, sino yuan de es
62 1921 1261 2079 pacio, y llegando al calpulco, des
71 2022 1243 2157 componjan los los papeles, y sen
71 2125 1267 2261 tauan los, sobre vnos petates, tra
75 2212 1225 2365 yan los alli de comer, y tambien
66 2306 1228 2434 pulcre, porque comjossen, y beus
84 2394 1256 2544 essen, los que quisiessen. Todala
75 2491 1261 2621 noche los hazian velar alli, ylle
82 2588 1261 2747 gada la media noche, ponjanlos
78 2674 1245 2818 en rencle, delante del fuego, y
78 2779 1225 2909 cortauan los los caballos, de laco
78 2889 1235 3026 ronjlla, y guardauanlos por re
71 2959 1259 3127 liqujas, como esta dicho. echo
84 3069 1236 3197 esto començauan acomer masa
67 3164 1247 3304 de bledos, que tenjan aparejados,
80 3268 1255 3383 ninguno dexauai de comerla: y es
75 3347 1243 3469 tos tamales rollicos, no los partian
65 3424 1207 3572 con la mano, sino con vn hilo de
85 3548 1208 3657 ichtli. En acabando de comer estos
68 3635 1212 3757 tamales, cogian los petates, y en
66 3716 1253 3870 rollauanlos, y ponjanlos todos jun
1432 22 2275 190 de las cerimonjas
1380 214 2345 359 qujzque: monacique tlaca
1359 329 2350 492 teculoel iteupan, mec tleco
1358 473 2351 607 in teucaltecpac, in vmpan
1364 549 2375 740 vetzito: mec qujoaliaoalua:
1365 681 2401 846 in techcatl, canja oaltemod
1362 813 2375 1006 manj, centlapal. Auh moā
1351 921 2362 1116 moço tlalchi, mo tlaltitecha
1356 1051 2350 1205 aciço, mec oalmocla tlaloa
1350 1199 2343 1332 m incacalpulco: auh in ce
1355 1297 2360 1457 qujntin, canjvian in iatizn
1350 1417 2360 1577 mocalaqujto, njmā ie ic uai
1344 1536 2383 1704 tlatlalilia mj mamatlatqa,
1351 1674 2368 1793 mecmotlalia mpetlapā, quj
1341 1783 2375 1931 chieltia in tlaqualli, anoçq
1332 1912 2401 2067 tli, incatle conequjzquesca:
1318 2039 2363 2179 ioal in qujn tocavia. Auh tia
1318 2161 2359 2301 acic iooalnepantla: mecquj
1320 2273 2359 2448 tecpana, in qujntzoncujzqua
1321 2425 2336 2554 moqujmontzoncujque, me
1326 2529 2325 2672 motlatlatlatiliaC mjuhomj
1310 2650 2329 2801 ipanque cholliz. Auh in on,
1314 2763 2345 2929 mochiuh y, mectzoalqualoz
1325 2854 2369 3022 vetza innovian maceoalpai
1314 2985 2368 3165 aiac i maca tzoalqua: auhza
1310 3114 2344 3298 tzoalli, aiac imatica qujcoto
1295 3204 2375 3402 naia: ichtli mjequjxotlatic
1304 3364 2366 3522 te: auh in on tzoalqualoc, n
1302 3479 2355 3653 ma ie ic meeoa i petlacl, quj
1289 3584 2365 3759 llacatzoa, qujiaoac qujoalma
1294 3712 2401 3891 mana; njmā ie ic neteteco, coā
