2664 4234
222 62 855 256 Capitulo. 21.
44 273 1298 413 personas: no lo hazia el, por sus manos, por
57 386 1266 500 que no le era licito. Sino rogaua, a los sa
51 442 1286 570 trapas: que eran enesto, experimenta
57 526 1261 675 dos, y para esto señalados: que le hizie
58 625 1272 757 ssen estas ymagines, aqujen auja he
66 715 1270 836 cho voto. Los que las hazian, ponjanles,
55 803 1303 934 dientes de pepitas, de calabaça, yponjan
45 881 1244 1024 les, en lugar de ojos, vnos frisoles ne
60 956 1274 1109 gros: que son tan grandes, como avas:
60 1053 1259 1182 auinque no de la misma hechura: y lla
68 1135 1274 1257 manlos, aiecutli. En los demas atauj
63 1268 1294 1380 os, ponjanselos, segun la ymagen, cōque
69 1319 1269 1477 los ymaginan, y pintan, al dios del vi
69 1421 1268 1564 ento, como aquetzalcoatl: al agua, como
57 1517 1265 1640 la diosa, del agua: ala lluuja, como al
68 1598 1267 1729 dios, de la lluuja: y alos otros montes,
71 1680 1238 1828 segun las ymagines, conque los pintan.
81 1769 1276 1893 Despues de nechas, estas ymagines, ofre
82 1858 1242 1968 zianles papel, de lo que ellos hazian:
73 1925 1278 2075 y era, que vn pliego de papel, le hechavā
76 2012 1292 2142 muchas gotas, de la goma, que se llama
75 2105 1244 2229 vlli, derretido. hecho esto, colgauan
79 2186 1229 2324 al cuello, de la ymagen, el papel: de
85 2260 1233 2393 manera, que le cubria, desde los pe
85 2360 1254 2481 chos abaxo: y con el remate, de abaxo,
82 2438 1277 2568 harpavan el papel. Tambien, ponjan
79 2505 1265 2644 estos mjsmos papeles, goteados con vlli:
76 2599 1248 2706 y colgados de vnos cordeles, delante de
86 2693 1250 2797 las mjsmas ymagines : demanera que
82 2758 1254 2900 los papeles, estauan asidos, los vnos
87 2854 1272 2979 de los otros: y meneaualos el ayre, por
75 2942 1289 3057 que estauan, los cordeles, enque estauā
78 3017 1278 3145 los papeles colgados: atados alas puntas
89 3097 1258 3218 de vnos barales, o baculos: que estabā
85 3171 1276 3316 hincados enel suelo: y dela vna punta
90 3268 1280 3389 del vno, ala punta del otro, estaua ata
94 3348 1236 3477 do, el cordel, omecatl. Ofrezian, ansi
91 3431 1247 3571 mjsmo, aestas ymagines, vino, o vctli,
87 3511 1283 3654 o pulcre: que es, el vino de la tierra: Ylos
87 3613 1266 3735 vasos, enque lo ofrezian eran desta ma
90 3696 1280 3810 nera: ay vnas calabaças lisas, redondas,
77 3764 1259 3895 pecosas entre verde, y blanco, o mancha
91 3827 1302 3989 das: que las llaman, tzilacaiutli, que son
1394 78 2231 264 delos tlaloques.
2315 102 2562 262 fo. 21.
1368 286 2528 461 çan no iuhquj ynjc qujnchichi
1337 422 2476 593 oaia. Auh yoan qujchioaia,
1352 562 2545 707 amateteujtl, colchachapatzaia,
1363 721 2524 873 colchipiniaia, qujnquequenti
1339 848 2514 1020 aia: auh in cequj amatete
1354 993 2547 1168 vitl, tlaolchipinjlli, tlaolchacha
1356 1111 2557 1333 patzalli mecatitech qujpipiloa
1342 1274 2542 1437 ia, mecatitech, qujnenetech
1334 1413 2525 1623 ilpiaia, qujnenetechçaloaia,
1353 1579 2526 1776 ymjxpan antoc, ic itzacuto
1345 1690 2492 1924 que in tepicme: hiçanacatoc
1340 1848 2578 2071 papapatlacatoc, papattlantoc,
1336 2033 2535 2224 oztopilquaujtl, necoc, nenecoc,
1335 2147 2535 2375 necoccampa tlatlalacticac, te
1347 2328 2511 2520 tzotzonticac, yn itech antoc te
1332 2417 2515 2691 teujtl. Auh tzilacaiutli, tlaix
1333 2595 2560 2817 tlapantli, tlaittitatactli: ymjx
1340 2749 2543 2958 pan mamanca, chalchiuhxi
1340 2887 2542 3104 calli ipam poujia, vctli vnca
1339 3006 2543 3203 ca, vctli ic mamanca. Auh
1337 3189 2562 3377 çan iehoan in tlamacazque, y
1330 3280 2572 3490 njntequiuh, in machiceque cat
1336 3435 2571 3637 ca, yn qujnchichioaia, in qujn
1325 3577 2564 3783 tlaliaia: aiac çan moiocuiaia,
1322 3738 2607 3875 in calla in qujnchichioaia. Auh
2427 3994 2503 4116 qq
