2522 3972
637 22 1135 214 Libro. E.
96 279 1264 420 taner, vna flauta: y para que supi
105 389 1253 510 ese tomar, y traer las cañas de hu
100 474 1247 617 mo, y las flores, segun que se acos
97 583 1241 712 tumbra, entre los señores, y palan
112 674 1260 812 cianos: y enseñauanle ayr chupā
108 766 1213 921 do el humo, y oliendo las flores,
99 895 1262 1024 yendo andando, como se acostum
113 995 1244 1131 bra, entre los señores, y enpala
119 1100 1234 1231 cio. Estos mancebos, estando
115 1205 1222 1342 aun enel poder, de los calpisques,
114 1306 1268 1446 ante que se publicasen por diputa
109 1436 1266 1554 dos para morir: tenjan gran cuy
118 1529 1222 1663 dado, los mjsmos calpisques, de
130 1636 1252 1745 enseñarlos, toda buena crianca:
123 1742 1256 1882 en hablar, y ensaludar, alos que
126 1860 1242 1990 topauan por la calle: y entodas las o
104 1950 1200 2088 tras cosas de buenas costumbres:
120 2075 1269 2212 porque quando ya eran senalados
117 2155 1265 2311 para morir en la fiesta, deste dios,
108 2280 1236 2407 por espacio de aquel ano, enque
121 2375 1238 2507 ya se sabia de su muerte: todos
113 2483 1250 2621 los que leujan, le tenjan en gran
123 2593 1269 2728 reuerencia, y le hazian gran aca
108 2686 1242 2840 tamjento, y le adorauan besan
138 2794 1246 2922 do la tierra. Y si por el buen
119 2906 1256 3044 trata mjento, que le hazian en gor
108 3018 1283 3155 daua, dauanle abeuer aguamez
117 3127 1285 3251 clada con sal, paraque se parase
117 3217 1281 3377 ceceño. Luego que este mancebo
111 3338 1242 3460 era diputado para morir, en la
111 3433 1273 3599 fiesta deste dios, començaua aan
126 3536 1231 3665 dar tatendo su flauta, por las
120 3654 1225 3774 calles con sus flores, y su caña de
123 3733 1220 3888 humo: tenja libertad de noche, y
1511 69 2329 221 de las cerimonjas
1363 300 2491 425 tech cactzotzocatl, xitomaciuiztli: njnia
1352 384 2491 523 cenca necujtlaujlo, inic vel momach
1362 494 2462 626 tiz, yn tlapitzaz: ynic vel qujpi
1349 580 2474 718 tzaz, yujlacapitz: yoan inic vel
1358 675 2471 830 muchi ipan qujtzitzquiz yxochi
1351 790 2459 936 uh, yoan yieuh, ipan tlapitzti
1353 905 2453 1037 az, tlachichintiaz, tlanecutiaz,
1347 992 2467 1146 iuhqujn centlalli mantiuh yn jxo
1347 1072 2458 1223 chiuh, yn jyieuh, yn iquac vtli
1346 1190 2470 1372 qujtocaia. Auh in çan oc nemj
1344 1300 2449 1445 incanoc oapaoalo, yn ichan cal
1358 1393 2470 1564 pixquj, yn aiamo ixneci, cenca
1348 1517 2483 1667 vel necujtlaujloia, ynic vel mjma
1354 1605 2495 1777 tiz, ica itlatol, vellatoz, vel tenotziz
1370 1725 2461 1857 vel tetlapaloz in vtlica, intla aca
1345 1828 2444 1994 qujnamiquiz: ipampa cacenca
1349 1932 2477 2062 mauiztililoia, yn iquac oixnez, in
1347 2029 2473 2179 ie teixiptla: ynic ixiptlati Titla
1347 2133 2461 2274 caoan, ca totecujo ipan macho
1343 2247 2437 2400 ia, netecuiotilo, tlatlauhtilo,
1338 2384 2446 2516 yca elciciooa, ixpan nepechteco,
1349 2499 2473 2620 ixpan ontlalqua in maceoaltzin
1354 2589 2447 2740 tli. Auh intla ie qujtta, in iec
1349 2731 2458 2839 chi tomaoa yn acaio, iztaiotl qujl
1356 2813 2461 2951 tequjtiaia, ic qujquaoatzaia, quiz
1354 2923 2453 3054 taioquaoatza, ynic pipinja, te
1354 3020 2468 3168 pitzauj, tlalichauj yn jnacaio. Auh
1355 3125 2462 3270 cexiujtl in nemja ipan toxcatl, y
1346 3238 2428 3380 njxnecia: auh iquac miquj ce
1356 3319 2452 3469 tlacatl yn oteixiptlatic cexiujtl,
1342 3435 2467 3575 in cexiujtl, ooallaotlatocti, inxe
1329 3546 2438 3711 xiujtl oqujtlaz, in cexiujtl ooā
1336 3645 2467 3804 llaujcac: ca çan ic mopatlatiuja,
1331 3747 2468 3912 yn ixquetzaloia, yn ixqujchtin qujl
