2652 4162
645 29 1122 203 del libro,
39 249 1163 400 Estaua la ymagen de tlaloc, en me
53 329 1169 484 dio del areyto, acuya honrra bay
41 436 1183 565 lauan: y delante della, estaua vna
50 492 1196 662 balsa de agua, donde auja culebras,
30 583 1202 727 yranas: y vnos hombres, que llamā
34 669 1193 829 macateca, estauan ala orilla dela
39 764 1165 926 balsa, y tragauanse las culebras,
50 864 1203 1001 y las ranas. biuas: tomauan las cō
59 977 1202 1125 las bocas, y no con las manos: y qua
51 1042 1213 1210 do las aujan tomado en la boca,
44 1154 1190 1311 yuanse abaylar, yuan las tragan
60 1243 1224 1402 do, y baylando: y el que primero
57 1330 1196 1459 acabaua de tragarla culebra, o
59 1422 1228 1604 rana, luego daua bozes, diziendo.
75 1532 1238 1689 Capapapa: baylauan al rededor del
66 1635 1212 1789 cu deste dios, y quando yuan baylā
77 1737 1216 1901 do, y passauan por cerca de los ces
94 1863 1196 1981 ros, que llamauan tonacacuezco
89 1936 1240 2075 man, dauanles de los tamales, que
104 2014 1225 2171 auan en los cestos. Y las viejas que
99 2102 1250 2253 estauan mjrando, este areyto, llora
102 2216 1219 2327 uan acordandose, que antes que
90 2286 1250 2429 otra vez, se hiziesse aquella fiesta
99 2385 1235 2477 serian muertos. Dezian que este
88 2473 1226 2609 ayuno, se hazia por dar descanso,
100 2542 1268 2708 al mantenjmjento: porque ningu
101 2651 1249 2806 na cosa, en aquel ayuno, se comj
100 2744 1243 2905 an conel pan. Y tambien dezian
98 2845 1237 3001 que todo el otro tiempo, fatiga
96 2938 1292 3096 uan al mantenjmjento, opan, por
99 3020 1233 3196 que mezclauan con sal, y cal, y
80 3102 1264 3305 salitre: y ansi lo vestian, y desnu
99 3241 1244 3352 dadian, de diuersas libreas, de
96 3345 1293 3511 que se afronraua, y se en vegecia.
83 3446 1268 3624 y con este ayuno, se remocaua: y
111 3539 1265 3712 el dia sigujente, despues del ayu
97 3634 1252 3820 rio, se llamaua molpalolo, e
101 3749 1289 3921 qujere dezir: comjan otras cosas cō
115 3845 1292 4003 ecpan: porque ya se higo penjte
1366 24 1800 205 segundo.
2391 64 2611 205 fo. 1g0.
1247 226 2470 393 yoan in cueiame, yoan in iehoan
1251 357 2468 474 tin moteneoa, macateca, vncan
1261 457 2416 587 qujntoloaia in cocoa, çan ioiol
1254 553 2458 685 tiuja, ceceiaca, in camatica in
1264 645 2479 794 qujmonanaia, amo inmatica:
1256 733 2476 877 çan qujmontlanquechiaia, ynjc
1267 839 2456 1004 qujmonanaia in atlan, in vn
1277 918 2459 1066 çan ixpan tlaloc: auh çan q̄n
1274 1015 2453 1190 quatiuja in cocoa, ynjc impā
1281 1112 2445 1279 mjtotiaia maçateca. Auh y
1289 1224 2435 1405 naqujn achtopa qujtlamjaia
1274 1334 2435 1514 in coatl in qujtoloaia, njman
1277 1435 2431 1600 ic tzatzi tlapapauja, qujiaoa
1273 1549 2495 1701 loa in teucalli: auh qujntlauh
1287 1675 2516 1796 tiaia, in qujntoloaia cocoa: auh
1297 1794 2458 1936 omjlhujtl in netotiloia, ie teu
1289 1883 2479 2053 tlac in tlaiaoaloloia, nappa in
1285 1987 2466 2149 moiaoaloa teucalli. Auh in
1289 2090 2510 2264 xocotamalli yquac qualoia,
1299 2228 2431 2369 in tonacacuezcomac temja:
1304 2312 2522 2496 muchitlacatl concuja, yn jquac
1319 2432 2495 2595 tlamj ilhujtl. Auh in iehoanti
1319 2554 2471 2723 cioa ylamatque, yoan veuet
1319 2675 2497 2846 que, cenca chocaia, qujlnamj
1339 2753 2523 2949 quja, yn acacocmo acizque, chi
1329 2879 2466 3048 cuexiujtl: qujtoaia. Acoc ix
1330 2991 2483 3161 pan in muchioaz ic moceuj
1337 3105 2454 3271 tiuja in tonacaiutl, inchicue
1328 3217 2504 3383 xiuhtica: ipampa qujlmach cē
1337 3315 2516 3490 ca tictlaihitoujltia, injc tiqua,
1346 3436 2494 3591 in ticchilhuja, in tiquiztauja, in
1337 3548 2483 3686 tictequjxqujuja, in motenex
1349 3634 2518 3788 uja: yn juhqujma ticatzonmjctia
1359 3726 2519 3868 ynic ticnemjtia: qujlmach ic mo
1355 3813 2507 3973 pilqujxtitiuja, in tonacajutl, y
