<?xml version="1.0" encoding="UTF-8" standalone="yes"?>
<PcGts xmlns="http://schema.primaresearch.org/PAGE/gts/pagecontent/2013-07-15" xmlns:xsi="http://www.w3.org/2001/XMLSchema-instance" xsi:schemaLocation="http://schema.primaresearch.org/PAGE/gts/pagecontent/2013-07-15 http://schema.primaresearch.org/PAGE/gts/pagecontent/2013-07-15/pagecontent.xsd">
    <Metadata>
        <Creator>prov=University of Rostock/Institute of Mathematics/CITlab|PLANET AI GmbH/Gundram Leifert/gundram.leifert@planet-ai.de:name=Florentine Codex(htr_id=24784)::::v=2.6.6
prov=University of Rostock/Institute of Mathematics/CITlab|PLANET AI GmbH/Tobias Gruening/tobias.gruening@planet-ai.de:name=de.uros.citlab.module.baseline2polygon.B2PSeamMultiOriented:v=2.6.6
prov=University of Rostock/Institute of Mathematics/CITlab|PLANET AI GmbH/Tobias Gruening/tobias.gruening@planet-ai.de:name=/net_tf/LA73_249_0mod360.pb:de.uros.citlab.segmentation.CITlab_LA_ML:v=2.6.6
Transkribus</Creator>
        <Created>2020-06-23T15:23:42.140-07:00</Created>
        <LastChange>2020-06-24T07:14:10.774+02:00</LastChange>
    </Metadata>
    <Page imageFilename="FC_Vol_1_306.png" imageWidth="2454" imageHeight="3938">
        <ReadingOrder>
            <OrderedGroup id="ro_1596736950088" caption="Regions reading order">
                <RegionRefIndexed index="0" regionRef="r1"/>
                <RegionRefIndexed index="1" regionRef="r2"/>
            </OrderedGroup>
        </ReadingOrder>
        <TextRegion orientation="0.0" id="r1" custom="readingOrder {index:0;}">
            <Coords points="71,108 71,3877 1278,3877 1278,108"/>
            <TextLine id="r1l1" custom="readingOrder {index:0;}">
                <Coords points="415,185 476,168 781,187 840,164 935,188 969,164 1015,169 1016,101 617,22 576,41 499,19 417,31"/>
                <Baseline points="422,158 451,158 480,156 509,156 539,156 568,156 597,156 627,156 656,156 685,156 715,158 744,158 773,158 802,159 832,159 861,161 890,161 920,162 949,164 978,164 1008,165"/>
                <TextEquiv>
                    <Unicode>Libro. 2.</Unicode>
                </TextEquiv>
            </TextLine>
            <TextLine id="r1l2" custom="readingOrder {index:1;}">
                <Coords points="77,324 196,366 497,348 543,380 628,344 760,374 987,337 1182,371 1219,348 1221,208 922,285 78,233"/>
                <Baseline points="84,329 140,325 196,323 253,322 309,321 366,321 422,321 478,321 535,323 591,323 648,324 704,326 760,327 817,329 873,330 930,330 986,332 1042,333 1099,333 1155,333 1212,332"/>
                <TextEquiv>
                    <Unicode>de la blanca, enblanqueada con</Unicode>
                </TextEquiv>
            </TextLine>
            <TextLine id="r1l3" custom="readingOrder {index:2;}">
                <Coords points="64,484 307,414 1247,429 1247,356 471,380 247,347 64,390"/>
                <Baseline points="71,432 129,428 187,424 246,420 304,419 363,417 421,416 479,416 538,416 596,416 655,417 713,417 771,419 830,419 888,420 947,422 1005,422 1063,423 1122,423 1180,423 1239,423"/>
                <TextEquiv>
                    <Unicode>greda, lleuaua en el medio de la</Unicode>
                </TextEquiv>
            </TextLine>
            <TextLine id="r1l4" custom="readingOrder {index:3;}">
                <Coords points="73,530 718,502 944,509 1028,553 1278,521 1278,432 743,421 381,471 221,432 73,497"/>
                <Baseline points="80,525 139,522 199,518 258,515 318,512 377,510 437,509 496,509 556,507 615,507 675,507 735,507 794,507 854,509 913,509 973,509 1032,509 1092,509 1151,509 1211,509 1271,509"/>
                <TextEquiv>
                    <Unicode>rodela, vn corro, hecho de plumas</Unicode>
                </TextEquiv>
            </TextLine>
            <TextLine id="r1l5" custom="readingOrder {index:4;}">
                <Coords points="73,630 238,606 295,648 448,577 572,626 1091,602 1270,639 1269,553 1026,565 941,513 276,529 73,585"/>
                <Baseline points="80,623 139,617 198,614 257,610 316,608 375,606 434,604 493,603 552,602 611,602 671,602 730,602 789,602 848,602 907,603 966,603 1025,603 1084,603 1143,605 1202,605 1262,603"/>
                <TextEquiv>
                    <Unicode>de agujla, y cosido ala misma ro</Unicode>
                </TextEquiv>
            </TextLine>
            <TextLine id="r1l6" custom="readingOrder {index:5;}">
                <Coords points="90,726 942,711 1132,752 1261,722 1261,648 985,619 650,655 286,648 238,605 90,637"/>
                <Baseline points="98,716 155,711 213,708 271,706 329,704 387,702 444,701 502,701 560,699 618,699 676,699 733,699 791,701 849,701 907,701 965,701 1022,701 1080,701 1138,701 1196,701 1254,699"/>
                <TextEquiv>
                    <Unicode>dela, los rapazejos de abaxo, eran</Unicode>
                </TextEquiv>
            </TextLine>
            <TextLine id="r1l7" custom="readingOrder {index:6;}">
                <Coords points="81,816 755,837 999,799 1070,843 1237,847 1237,759 1090,723 926,758 687,724 632,761 427,716 258,757 81,729"/>
                <Baseline points="89,812 146,809 203,806 260,804 317,803 374,801 431,800 488,798 545,798 602,798 659,798 716,798 773,798 830,800 887,800 944,801 1001,803 1058,804 1115,806 1172,807 1230,809"/>
                <TextEquiv>
                    <Unicode>blancos, hechos de plumas de car</Unicode>
                </TextEquiv>
            </TextLine>
            <TextLine id="r1l8" custom="readingOrder {index:7;}">
                <Coords points="76,944 306,958 374,911 767,893 1265,939 1264,844 667,854 494,820 436,856 156,836 75,869"/>
                <Baseline points="84,917 142,913 201,908 259,905 318,902 377,900 435,897 494,897 553,896 611,896 670,896 729,896 787,896 846,896 905,896 963,896 1022,897 1081,897 1139,897 1198,897 1257,896"/>
                <TextEquiv>
                    <Unicode>çotas, y enlos remates, ide los rapa</Unicode>
                </TextEquiv>
            </TextLine>
            <TextLine id="r1l9" custom="readingOrder {index:8;}">
                <Coords points="72,1028 202,1013 278,1050 379,1009 814,988 1108,1004 1187,1047 1270,1017 1269,938 1110,920 1049,965 841,909 743,952 368,968 212,929 71,961"/>
                <Baseline points="80,1022 139,1017 198,1011 257,1008 316,1003 375,1000 434,997 494,995 553,993 612,992 671,990 730,989 789,989 848,989 908,989 967,990 1026,992 1085,993 1144,995 1203,996 1263,998"/>
                <TextEquiv>
                    <Unicode>zejos, yuan vnas plumas de aguj</Unicode>
                </TextEquiv>
            </TextLine>
            <TextLine id="r1l10" custom="readingOrder {index:9;}">
                <Coords points="79,1134 758,1091 1244,1112 1259,1041 937,1056 795,1019 535,1058 446,1013 213,1068 77,1039"/>
                <Baseline points="86,1116 144,1114 202,1111 261,1109 319,1106 377,1104 436,1101 494,1100 552,1098 611,1097 669,1095 727,1094 786,1094 844,1092 902,1092 961,1092 1019,1094 1077,1094 1136,1095 1194,1098 1253,1100"/>
                <TextEquiv>
                    <Unicode>la enxeridas, enla vna mano, lle</Unicode>
                </TextEquiv>
            </TextLine>
            <TextLine id="r1l11" custom="readingOrder {index:10;}">
                <Coords points="79,1228 355,1236 454,1188 633,1217 808,1176 1062,1189 1135,1231 1260,1181 1259,1129 1205,1106 1013,1144 765,1113 590,1170 463,1114 78,1157"/>
                <Baseline points="86,1215 144,1210 202,1205 261,1201 319,1197 377,1194 436,1192 494,1190 552,1188 611,1187 669,1187 727,1185 786,1185 844,1185 902,1185 961,1186 1019,1187 1077,1187 1136,1188 1194,1188 1253,1190"/>
                <TextEquiv>
                    <Unicode>ua la rodela, en la otra el tzotzo</Unicode>
                </TextEquiv>
            </TextLine>
            <TextLine id="r1l12" custom="readingOrder {index:11;}">
                <Coords points="83,1359 350,1298 460,1342 517,1296 795,1285 877,1334 973,1293 1236,1313 1252,1238 1039,1204 872,1249 275,1228 81,1283"/>
                <Baseline points="89,1320 146,1314 204,1308 262,1302 320,1297 378,1295 435,1292 493,1290 551,1289 609,1287 667,1287 724,1287 782,1287 840,1287 898,1287 956,1287 1013,1287 1071,1287 1129,1287 1187,1286 1245,1284"/>
                <TextEquiv>
                    <Unicode>paztli, conque texen: y lleuaua</Unicode>
                </TextEquiv>
            </TextLine>
            <TextLine id="r1l13" custom="readingOrder {index:12;}">
                <Coords points="85,1447 641,1384 1234,1417 1235,1308 1067,1336 974,1302 884,1343 832,1303 534,1295 465,1347 207,1370 152,1329 84,1366"/>
                <Baseline points="92,1415 148,1410 205,1406 262,1401 319,1397 376,1395 433,1392 489,1391 546,1388 603,1386 660,1386 717,1385 774,1385 831,1385 887,1385 944,1386 1001,1386 1058,1387 1115,1388 1172,1389 1229,1391"/>
                <TextEquiv>
                    <Unicode>la cara teñjda, dedos colores, des</Unicode>
                </TextEquiv>
            </TextLine>
            <TextLine id="r1l14" custom="readingOrder {index:13;}">
                <Coords points="89,1526 631,1487 914,1499 975,1543 1265,1508 1263,1417 1205,1406 1043,1436 871,1395 794,1438 629,1393 413,1448 88,1447"/>
                <Baseline points="96,1512 154,1506 212,1501 270,1497 328,1493 386,1491 444,1488 502,1487 560,1485 618,1485 676,1484 734,1484 792,1485 850,1485 908,1485 966,1485 1024,1485 1082,1485 1140,1485 1198,1485 1256,1484"/>
                <TextEquiv>
                    <Unicode>de la nariz abaxo, de negro, y des</Unicode>
                </TextEquiv>
            </TextLine>
            <TextLine id="r1l15" custom="readingOrder {index:14;}">
                <Coords points="77,1627 337,1595 487,1638 650,1594 1016,1639 1267,1600 1265,1508 956,1549 870,1505 784,1550 712,1508 626,1541 239,1509 172,1555 74,1527"/>
                <Baseline points="83,1613 141,1608 200,1603 259,1599 318,1597 377,1595 435,1592 494,1591 553,1590 612,1589 671,1588 729,1587 788,1587 847,1587 906,1586 965,1586 1023,1585 1082,1584 1141,1583 1200,1581 1259,1578"/>
                <TextEquiv>
                    <Unicode>de la nariz arriba de amarillo:</Unicode>
                </TextEquiv>
            </TextLine>
            <TextLine id="r1l16" custom="readingOrder {index:15;}">
                <Coords points="71,1775 245,1711 647,1703 748,1740 927,1688 1058,1739 1117,1690 1258,1696 1255,1593 1001,1650 862,1610 475,1655 66,1624"/>
                <Baseline points="77,1728 135,1721 194,1715 252,1710 311,1705 370,1701 428,1698 487,1696 546,1694 604,1692 663,1691 722,1689 780,1689 839,1688 898,1688 956,1688 1015,1686 1074,1686 1132,1685 1191,1683 1250,1682"/>
                <TextEquiv>
                    <Unicode>Y lleuaua vna cabellera, quele</Unicode>
                </TextEquiv>
            </TextLine>
            <TextLine id="r1l17" custom="readingOrder {index:16;}">
                <Coords points="101,1856 179,1872 312,1816 412,1859 567,1820 737,1838 821,1790 969,1818 1241,1788 1239,1736 1102,1701 1052,1746 881,1700 737,1743 613,1710 422,1774 210,1732 99,1780"/>
                <Baseline points="107,1820 163,1817 219,1815 275,1812 332,1809 388,1806 444,1804 501,1800 557,1798 613,1795 670,1793 726,1790 782,1788 838,1786 895,1784 951,1783 1007,1782 1064,1782 1120,1782 1176,1782 1233,1784"/>
                <TextEquiv>
                    <Unicode>colgaua, por las espaldas, lleua</Unicode>
                </TextEquiv>
            </TextLine>
            <TextLine id="r1l18" custom="readingOrder {index:17;}">
                <Coords points="101,1944 230,1972 318,1924 484,1941 539,1907 1241,1904 1260,1814 649,1866 97,1853"/>
                <Baseline points="108,1929 165,1926 222,1921 280,1919 337,1915 395,1911 452,1908 509,1904 567,1901 624,1898 682,1896 739,1893 796,1892 854,1890 911,1889 969,1889 1026,1889 1083,1889 1141,1890 1198,1892 1256,1895"/>
                <TextEquiv>
                    <Unicode>ua por corona, vnas plumas de</Unicode>
                </TextEquiv>
            </TextLine>
            <TextLine id="r1l19" custom="readingOrder {index:18;}">
                <Coords points="87,2072 156,2094 378,2023 486,2068 694,1988 1256,1997 1253,1943 1051,1897 973,1940 837,1905 775,1949 606,1919 339,1986 284,1948 83,1990"/>
                <Baseline points="93,2040 150,2035 208,2029 266,2024 324,2019 381,2013 439,2009 497,2005 555,2001 612,1998 670,1994 728,1992 786,1989 843,1988 901,1986 959,1986 1017,1986 1074,1986 1132,1988 1190,1989 1248,1991"/>
                <TextEquiv>
                    <Unicode>agujla, apegadas a la cabellera:</Unicode>
                </TextEquiv>
            </TextLine>
            <TextLine id="r1l20" custom="readingOrder {index:19;}">
                <Coords points="84,2180 846,2100 1222,2114 1263,2102 1257,2004 79,2099"/>
                <Baseline points="90,2165 148,2159 206,2153 264,2146 322,2140 381,2135 439,2130 497,2124 555,2120 613,2117 672,2112 730,2109 788,2106 846,2103 904,2100 963,2099 1021,2097 1079,2096 1137,2094 1195,2093 1254,2093"/>
                <TextEquiv>
                    <Unicode>llamauan aesta cabellera tzom</Unicode>
                </TextEquiv>
            </TextLine>
            <TextLine id="r1l21" custom="readingOrder {index:20;}">
                <Coords points="81,2312 605,2236 677,2276 752,2228 940,2211 1090,2252 1160,2207 1262,2218 1255,2106 890,2115 780,2179 544,2147 451,2207 383,2167 304,2209 217,2172 75,2211"/>
                <Baseline points="86,2267 144,2263 202,2260 261,2256 319,2252 377,2247 436,2243 494,2240 552,2235 611,2232 669,2228 727,2225 786,2222 844,2217 902,2214 961,2212 1019,2209 1077,2207 1136,2205 1194,2205 1253,2204"/>
                <TextEquiv>
                    <Unicode>pilinalli. Ante que la matassen</Unicode>
                </TextEquiv>
            </TextLine>
            <TextLine id="r1l22" custom="readingOrder {index:21;}">
                <Coords points="97,2366 240,2390 369,2345 457,2391 514,2344 684,2361 921,2314 1143,2316 1211,2356 1252,2343 1248,2235 963,2271 876,2233 779,2289 648,2259 590,2309 261,2280 95,2308"/>
                <Baseline points="104,2354 161,2353 218,2351 275,2349 332,2346 389,2344 446,2340 503,2338 560,2334 617,2332 674,2330 731,2326 788,2323 845,2322 902,2319 959,2318 1016,2316 1073,2316 1130,2316 1187,2318 1244,2319"/>
                <TextEquiv>
                    <Unicode>aesta muger, hazianla dancar, y</Unicode>
                </TextEquiv>
            </TextLine>
            <TextLine id="r1l23" custom="readingOrder {index:22;}">
                <Coords points="90,2517 287,2452 415,2482 762,2425 1259,2437 1255,2345 1147,2332 1037,2374 932,2330 822,2371 528,2362 386,2418 270,2369 221,2407 85,2396"/>
                <Baseline points="95,2460 152,2457 210,2454 268,2450 326,2447 383,2444 441,2441 499,2437 557,2434 614,2432 672,2429 730,2426 788,2424 845,2422 903,2420 961,2418 1019,2417 1076,2415 1134,2415 1192,2414 1250,2414"/>
                <TextEquiv>
                    <Unicode>baylar, y hazianle el son los bi</Unicode>
                </TextEquiv>
            </TextLine>
            <TextLine id="r1l24" custom="readingOrder {index:23;}">
                <Coords points="95,2592 254,2546 588,2568 704,2529 1246,2556 1246,2475 929,2482 868,2440 619,2495 455,2460 403,2499 290,2452 205,2509 92,2515"/>
                <Baseline points="101,2562 158,2558 215,2553 272,2550 329,2546 386,2543 443,2539 500,2537 557,2534 614,2531 671,2529 728,2526 785,2525 842,2523 899,2522 956,2522 1013,2520 1070,2520 1127,2520 1184,2520 1241,2520"/>
                <TextEquiv>
                    <Unicode>ejos, y cantauanle los cantores,</Unicode>
                </TextEquiv>
            </TextLine>
            <TextLine id="r1l25" custom="readingOrder {index:24;}">
                <Coords points="86,2713 214,2662 574,2683 762,2632 852,2675 1069,2649 1250,2681 1247,2569 983,2547 924,2586 837,2554 629,2587 473,2554 186,2617 82,2591"/>
                <Baseline points="92,2658 149,2654 206,2649 264,2646 321,2641 379,2639 436,2635 494,2632 551,2630 609,2628 666,2626 723,2624 781,2624 838,2622 896,2622 953,2621 1011,2621 1068,2622 1126,2622 1183,2624 1241,2624"/>
                <TextEquiv>
                    <Unicode>y an dando baylando, lloraua, y</Unicode>
                </TextEquiv>
            </TextLine>
            <TextLine id="r1l26" custom="readingOrder {index:25;}">
                <Coords points="81,2782 654,2800 758,2744 1065,2711 1195,2746 1263,2728 1262,2683 814,2662 588,2708 79,2714"/>
                <Baseline points="89,2765 147,2760 205,2755 264,2751 322,2748 380,2745 439,2743 497,2741 555,2739 614,2738 672,2736 730,2735 789,2735 847,2733 905,2733 964,2732 1022,2730 1080,2729 1139,2729 1197,2727 1256,2726"/>
                <TextEquiv>
                    <Unicode>sospiraua, y angustiauase, vien</Unicode>
                </TextEquiv>
            </TextLine>
            <TextLine id="r1l27" custom="readingOrder {index:26;}">
                <Coords points="105,2913 255,2908 353,2857 469,2891 575,2844 1252,2834 1250,2789 1114,2759 952,2799 887,2760 634,2810 101,2808"/>
                <Baseline points="111,2859 167,2858 224,2856 280,2855 337,2853 394,2851 450,2849 507,2847 564,2844 620,2843 677,2840 734,2838 790,2837 847,2835 904,2833 960,2832 1017,2831 1074,2829 1130,2829 1187,2828 1244,2828"/>
                <TextEquiv>
                    <Unicode>do que tenja cerca la muerte:</Unicode>
                </TextEquiv>
            </TextLine>
            <TextLine id="r1l28" custom="readingOrder {index:27;}">
                <Coords points="100,3010 288,3015 569,2944 1068,2930 1170,2961 1228,2947 1224,2835 97,2914"/>
                <Baseline points="105,2961 160,2958 216,2956 272,2954 328,2951 383,2949 439,2946 495,2943 551,2942 606,2940 662,2937 718,2936 774,2934 829,2932 885,2930 941,2928 997,2926 1052,2925 1108,2922 1164,2921 1220,2919"/>
                <TextEquiv>
                    <Unicode>esto passaua hasta medio dia, o</Unicode>
                </TextEquiv>
            </TextLine>
            <TextLine id="r1l29" custom="readingOrder {index:28;}">
                <Coords points="86,3118 222,3060 374,3058 458,3105 538,3052 601,3087 810,3036 1192,3038 1273,3020 1270,2944 714,2981 520,2953 319,3015 82,3019"/>
                <Baseline points="92,3066 150,3062 209,3059 268,3055 326,3053 385,3050 444,3047 502,3045 561,3044 620,3041 679,3039 737,3038 796,3035 855,3033 913,3031 972,3028 1031,3025 1089,3023 1148,3018 1207,3014 1266,3009"/>
                <TextEquiv>
                    <Unicode>poco mas, ya que el sol declinaua</Unicode>
                </TextEquiv>
            </TextLine>
            <TextLine id="r1l30" custom="readingOrder {index:29;}">
                <Coords points="92,3199 664,3147 1152,3163 1271,3138 1268,3053 1129,3087 834,3056 720,3102 161,3066 89,3117"/>
                <Baseline points="98,3164 156,3161 214,3159 272,3158 331,3155 389,3153 447,3152 505,3149 564,3147 622,3146 680,3144 738,3142 797,3140 855,3138 913,3137 971,3134 1030,3132 1088,3129 1146,3128 1204,3125 1263,3123"/>
                <TextEquiv>
                    <Unicode>hazia la tarde, subianla aquel</Unicode>
                </TextEquiv>
            </TextLine>
            <TextLine id="r1l31" custom="readingOrder {index:30;}">
                <Coords points="90,3281 1096,3285 1274,3252 1271,3161 87,3201"/>
                <Baseline points="96,3270 154,3266 212,3263 271,3260 329,3257 388,3254 446,3252 505,3250 563,3248 622,3246 680,3244 738,3242 797,3240 855,3239 914,3237 972,3235 1031,3233 1089,3231 1148,3229 1206,3227 1265,3224"/>
                <TextEquiv>
                    <Unicode>cu de vitzilopuchtli; y yuan las</Unicode>
                </TextEquiv>
            </TextLine>
            <TextLine id="r1l32" custom="readingOrder {index:31;}">
                <Coords points="102,3417 449,3359 530,3406 766,3342 978,3365 1111,3298 1261,3314 1259,3259 795,3299 610,3268 437,3322 374,3281 98,3325"/>
                <Baseline points="108,3368 165,3363 222,3360 279,3357 337,3354 394,3351 451,3348 509,3345 566,3344 623,3342 681,3339 738,3338 795,3335 852,3333 910,3332 967,3329 1024,3326 1082,3324 1139,3320 1196,3317 1254,3314"/>
                <TextEquiv>
                    <Unicode>sigujendo, todos los satrapas ves</Unicode>
                </TextEquiv>
            </TextLine>
            <TextLine id="r1l33" custom="readingOrder {index:32;}">
                <Coords points="90,3514 218,3530 392,3455 858,3474 934,3411 1160,3445 1276,3419 1272,3324 1070,3345 1013,3398 444,3384 87,3429"/>
                <Baseline points="96,3477 154,3470 213,3465 271,3460 330,3455 389,3453 447,3450 506,3447 564,3446 623,3445 682,3444 740,3443 799,3441 857,3440 916,3438 975,3435 1033,3433 1092,3429 1150,3423 1209,3418 1268,3410"/>
                <TextEquiv>
                    <Unicode>tidos de los ornamentos, de todos</Unicode>
                </TextEquiv>
            </TextLine>
            <TextLine id="r1l34" custom="readingOrder {index:33;}">
                <Coords points="98,3599 390,3538 471,3581 664,3551 1037,3585 1268,3530 1266,3469 574,3470 492,3522 94,3526"/>
                <Baseline points="105,3585 162,3578 220,3572 278,3567 336,3563 393,3560 451,3558 509,3557 567,3555 624,3554 682,3552 740,3551 798,3549 855,3548 913,3546 971,3542 1029,3539 1086,3535 1144,3529 1202,3522 1260,3513"/>
                <TextEquiv>
                    <Unicode>los dioses, y en mascarados: y tam</Unicode>
                </TextEquiv>
            </TextLine>
            <TextLine id="r1l35" custom="readingOrder {index:34;}">
                <Coords points="81,3684 1288,3656 1273,3555 1061,3563 1022,3605 763,3567 456,3609 76,3589"/>
                <Baseline points="89,3678 148,3674 207,3671 267,3667 326,3665 386,3662 445,3660 505,3658 564,3656 624,3654 683,3651 742,3649 802,3647 861,3644 921,3641 980,3637 1040,3632 1099,3626 1159,3620 1218,3613 1278,3605"/>
                <TextEquiv>
                    <Unicode>bien vno dellos, lleuaua los orna</Unicode>
                </TextEquiv>
            </TextLine>
            <TextLine id="r1l36" custom="readingOrder {index:35;}">
                <Coords points="85,3791 297,3769 393,3814 486,3763 851,3785 940,3743 1187,3776 1245,3746 1243,3657 1165,3690 1057,3667 1015,3709 951,3661 702,3715 84,3721"/>
                <Baseline points="92,3768 149,3765 206,3764 263,3761 321,3760 378,3759 435,3757 493,3756 550,3755 607,3753 665,3753 722,3752 779,3750 836,3749 894,3747 951,3746 1008,3743 1066,3741 1123,3739 1180,3737 1238,3734"/>
                <TextEquiv>
                    <Unicode>mentos, y mas cara de la diosa, y</Unicode>
                </TextEquiv>
            </TextLine>
            <TextLine id="r1l37" custom="readingOrder {index:36;}">
                <Coords points="108,3887 1071,3909 1241,3856 1239,3754 1008,3787 966,3756 796,3808 729,3762 641,3812 515,3770 392,3815 165,3780 106,3806"/>
                <Baseline points="114,3857 172,3854 231,3852 290,3852 349,3852 408,3852 467,3852 526,3852 585,3852 644,3852 702,3852 761,3851 820,3851 879,3848 938,3845 997,3842 1056,3836 1115,3831 1174,3824 1233,3815"/>
                <TextEquiv>
                    <Unicode>la matecutli. Aujendola llegadi</Unicode>
                </TextEquiv>
            </TextLine>
            <TextEquiv>
                <Unicode>Libro. 2.
de la blanca, enblanqueada con
greda, lleuaua en el medio de la
rodela, vn corro, hecho de plumas
de agujla, y cosido ala misma ro
dela, los rapazejos de abaxo, eran
blancos, hechos de plumas de car
çotas, y enlos remates, ide los rapa
zejos, yuan vnas plumas de aguj
la enxeridas, enla vna mano, lle
ua la rodela, en la otra el tzotzo
paztli, conque texen: y lleuaua
la cara teñjda, dedos colores, des
de la nariz abaxo, de negro, y des
de la nariz arriba de amarillo:
Y lleuaua vna cabellera, quele
colgaua, por las espaldas, lleua
ua por corona, vnas plumas de
agujla, apegadas a la cabellera:
llamauan aesta cabellera tzom
pilinalli. Ante que la matassen
aesta muger, hazianla dancar, y
baylar, y hazianle el son los bi
ejos, y cantauanle los cantores,
y an dando baylando, lloraua, y
sospiraua, y angustiauase, vien
do que tenja cerca la muerte:
esto passaua hasta medio dia, o
poco mas, ya que el sol declinaua
hazia la tarde, subianla aquel
cu de vitzilopuchtli; y yuan las
sigujendo, todos los satrapas ves
tidos de los ornamentos, de todos
los dioses, y en mascarados: y tam
bien vno dellos, lleuaua los orna
mentos, y mas cara de la diosa, y
la matecutli. Aujendola llegadi</Unicode>
            </TextEquiv>
        </TextRegion>
        <TextRegion orientation="0.0" id="r2" custom="readingOrder {index:1;}">
            <Coords points="1340,101 1340,3828 2421,3828 2421,101"/>
            <TextLine id="r2l1" custom="readingOrder {index:0;}">
                <Coords points="1436,200 1652,208 1764,169 1966,201 2048,167 2157,204 2301,187 2318,66 2075,78 2012,35 1941,58 1813,28 1701,59 1601,27 1432,66"/>
                <Baseline points="1442,165 1485,169 1529,171 1572,173 1616,173 1659,173 1703,173 1746,171 1790,170 1833,168 1877,166 1920,164 1964,162 2007,159 2051,158 2094,156 2138,155 2181,155 2225,155 2268,155 2312,158"/>
                <TextEquiv>
                    <Unicode>de las cerimonjas,</Unicode>
                </TextEquiv>
            </TextLine>
            <TextLine id="r2l2" custom="readingOrder {index:1;}">
                <Coords points="1354,336 1684,368 1731,340 1954,369 2090,321 2373,340 2391,207 2293,252 2246,227 2000,267 1926,234 1736,261 1641,207 1353,275"/>
                <Baseline points="1361,323 1412,324 1463,324 1514,324 1565,324 1617,324 1668,324 1719,324 1770,324 1821,324 1873,324 1924,323 1975,322 2026,321 2077,319 2129,317 2180,315 2231,313 2282,310 2333,308 2385,303"/>
                <TextEquiv>
                    <Unicode>tatl in tlapilolli quauh ivitl</Unicode>
                </TextEquiv>
            </TextLine>
            <TextLine id="r2l3" custom="readingOrder {index:2;}">
                <Coords points="1365,480 1828,446 1977,486 2220,473 2389,414 2388,341 2253,389 2035,367 1979,393 1914,350 1828,387 1737,349 1650,392 1548,358 1363,367"/>
                <Baseline points="1371,447 1421,444 1472,441 1522,440 1573,440 1623,438 1674,440 1724,440 1775,441 1825,441 1876,442 1927,443 1977,443 2028,443 2078,441 2129,440 2179,436 2230,433 2280,428 2331,422 2382,414"/>
                <TextEquiv>
                    <Unicode>mjiacachapollo, injiacacpi</Unicode>
                </TextEquiv>
            </TextLine>
            <TextLine id="r2l4" custom="readingOrder {index:3;}">
                <Coords points="1346,601 1564,577 1624,615 1760,570 2343,596 2428,531 2424,426 2321,476 1972,512 1342,489"/>
                <Baseline points="1352,567 1405,566 1458,564 1512,563 1565,563 1619,563 1672,563 1725,563 1779,563 1832,563 1886,561 1939,561 1992,560 2046,557 2099,554 2153,551 2206,546 2259,541 2313,534 2366,526 2420,516"/>
                <TextEquiv>
                    <Unicode>pilcac; yoan centlapalqujtzi</Unicode>
                </TextEquiv>
            </TextLine>
            <TextLine id="r2l5" custom="readingOrder {index:4;}">
                <Coords points="1349,716 1581,697 1988,736 2115,671 2301,675 2424,622 2412,558 2168,629 1864,638 1652,597 1583,637 1346,626"/>
                <Baseline points="1355,681 1408,681 1461,680 1514,680 1567,680 1620,681 1673,681 1726,681 1779,681 1832,681 1886,681 1939,680 1992,678 2045,676 2098,672 2151,668 2204,661 2257,654 2310,646 2363,635 2417,623"/>
                <TextEquiv>
                    <Unicode>quja, itzotzopasz: yoa moxaula</Unicode>
                </TextEquiv>
            </TextLine>
            <TextLine id="r2l6" custom="readingOrder {index:5;}">
                <Coords points="1355,820 1528,805 1693,844 1760,798 1893,815 1971,777 2074,839 2111,802 2356,772 2391,680 2280,732 2224,693 2021,754 1808,755 1718,712 1637,747 1552,708 1354,747"/>
                <Baseline points="1362,795 1413,794 1464,794 1515,794 1566,795 1617,795 1668,795 1720,797 1771,797 1822,797 1873,797 1924,795 1975,794 2026,793 2078,791 2129,788 2180,783 2231,777 2282,772 2333,765 2385,756"/>
                <TextEquiv>
                    <Unicode>mochictlapana, mjchictla</Unicode>
                </TextEquiv>
            </TextLine>
            <TextLine id="r2l7" custom="readingOrder {index:6;}">
                <Coords points="1362,935 1491,903 1953,945 2019,907 2405,873 2402,779 2206,845 2108,815 1914,863 1359,847"/>
                <Baseline points="1368,906 1419,905 1470,905 1522,903 1573,903 1625,903 1676,903 1728,903 1779,903 1831,903 1882,903 1933,902 1985,900 2036,899 2088,897 2139,893 2191,889 2242,883 2294,877 2345,870 2397,861"/>
                <TextEquiv>
                    <Unicode>pana: mj tenco qujteca tlilli:</Unicode>
                </TextEquiv>
            </TextLine>
            <TextLine id="r2l8" custom="readingOrder {index:7;}">
                <Coords points="1355,1024 1411,1049 1537,1010 1694,1041 2064,1004 2151,1035 2421,980 2417,879 2290,955 2058,919 1700,970 1536,931 1353,969"/>
                <Baseline points="1362,1011 1414,1011 1467,1013 1519,1013 1572,1013 1624,1013 1677,1013 1729,1013 1782,1013 1834,1011 1887,1010 1939,1009 1992,1007 2044,1004 2097,1001 2149,997 2202,994 2254,989 2307,983 2359,977 2412,969"/>
                <TextEquiv>
                    <Unicode>mjtoa, motentlilhuja: auhl</Unicode>
                </TextEquiv>
            </TextLine>
            <TextLine id="r2l9" custom="readingOrder {index:8;}">
                <Coords points="1352,1173 1723,1132 1832,1173 2013,1116 2150,1152 2270,1101 2343,1123 2414,1068 2411,992 2313,1047 1920,1057 1819,1099 1707,1066 1348,1081"/>
                <Baseline points="1358,1124 1410,1124 1462,1123 1515,1122 1567,1122 1620,1122 1672,1121 1724,1121 1777,1119 1829,1118 1882,1118 1934,1115 1986,1113 2039,1110 2091,1107 2144,1103 2196,1100 2248,1094 2301,1088 2353,1081 2406,1073"/>
                <TextEquiv>
                    <Unicode>mjiac ipan, yoan ixquacte</Unicode>
                </TextEquiv>
            </TextLine>
            <TextLine id="r2l10" custom="readingOrder {index:9;}">
                <Coords points="1351,1256 1451,1288 1487,1253 1743,1255 1808,1304 1910,1255 2150,1283 2386,1212 2405,1163 2157,1185 2016,1152 1933,1190 1711,1199 1670,1170 1349,1204"/>
                <Baseline points="1359,1248 1411,1247 1463,1245 1515,1245 1567,1244 1619,1244 1671,1243 1723,1242 1775,1242 1827,1241 1879,1239 1931,1238 1983,1236 2035,1234 2087,1230 2139,1227 2191,1222 2243,1217 2295,1210 2347,1203 2399,1194"/>
                <TextEquiv>
                    <Unicode>coçavitl in qujteca, yoan</Unicode>
                </TextEquiv>
            </TextLine>
            <TextLine id="r2l11" custom="readingOrder {index:10;}">
                <Coords points="1353,1383 1627,1360 1677,1389 1733,1358 1899,1394 2176,1354 2300,1387 2413,1364 2411,1250 2288,1302 2201,1257 2085,1300 1950,1275 1805,1308 1660,1264 1601,1304 1352,1304"/>
                <Baseline points="1361,1355 1413,1355 1465,1355 1517,1355 1569,1355 1622,1355 1674,1356 1726,1356 1778,1356 1830,1356 1883,1356 1935,1356 1987,1356 2039,1356 2091,1354 2144,1352 2196,1350 2248,1346 2300,1343 2352,1339 2405,1334"/>
                <TextEquiv>
                    <Unicode>iquauhtzon, tzoncalli mjae</Unicode>
                </TextEquiv>
            </TextLine>
            <TextLine id="r2l12" custom="readingOrder {index:11;}">
                <Coords points="1356,1481 1541,1474 1612,1520 1677,1476 1924,1480 2057,1552 2168,1466 2383,1456 2362,1361 2282,1417 1871,1390 1755,1436 1565,1371 1355,1379"/>
                <Baseline points="1364,1466 1414,1468 1465,1469 1515,1471 1566,1473 1616,1473 1667,1475 1717,1476 1768,1476 1818,1476 1869,1476 1920,1476 1970,1475 2021,1474 2071,1473 2122,1470 2172,1467 2223,1464 2273,1460 2324,1456 2375,1449"/>
                <TextEquiv>
                    <Unicode>ch tlavipantli in quauhi</Unicode>
                </TextEquiv>
            </TextLine>
            <TextLine id="r2l13" custom="readingOrder {index:12;}">
                <Coords points="1367,1635 1673,1616 1753,1648 1818,1608 2092,1591 2238,1615 2403,1552 2403,1474 2120,1552 1728,1559 1527,1488 1459,1537 1365,1537"/>
                <Baseline points="1373,1586 1424,1587 1475,1589 1526,1590 1577,1592 1629,1593 1680,1595 1731,1595 1782,1596 1833,1596 1885,1596 1936,1596 1987,1595 2038,1593 2089,1592 2141,1590 2192,1586 2243,1582 2294,1578 2345,1573 2397,1566"/>
                <TextEquiv>
                    <Unicode>vitl, çan mjxcavia in tzocli</Unicode>
                </TextEquiv>
            </TextLine>
            <TextLine id="r2l14" custom="readingOrder {index:13;}">
                <Coords points="1361,1715 1797,1761 1963,1710 2040,1756 2400,1681 2426,1574 2209,1660 1939,1628 1844,1660 1798,1619 1750,1647 1673,1616 1360,1666"/>
                <Baseline points="1368,1701 1420,1701 1473,1703 1525,1704 1578,1705 1631,1707 1683,1709 1736,1709 1789,1710 1841,1712 1894,1712 1947,1712 1999,1710 2052,1709 2105,1706 2157,1703 2210,1697 2263,1691 2315,1683 2368,1674 2421,1662"/>
                <TextEquiv>
                    <Unicode>tlamalintli, tlavipantli, ila</Unicode>
                </TextEquiv>
            </TextLine>
            <TextLine id="r2l15" custom="readingOrder {index:14;}">
                <Coords points="1369,1848 1503,1823 1887,1878 2090,1867 2175,1825 2319,1832 2395,1783 2395,1717 2228,1779 2115,1737 2045,1766 2006,1730 1847,1769 1369,1763"/>
                <Baseline points="1376,1818 1426,1818 1477,1818 1527,1820 1578,1820 1629,1822 1679,1823 1730,1824 1780,1826 1831,1826 1882,1827 1932,1827 1983,1827 2033,1827 2084,1826 2135,1825 2185,1823 2236,1820 2286,1816 2337,1812 2388,1806"/>
                <TextEquiv>
                    <Unicode>vipanalli, itech tlatzontli</Unicode>
                </TextEquiv>
            </TextLine>
            <TextLine id="r2l16" custom="readingOrder {index:15;}">
                <Coords points="1351,1951 1787,1980 1864,1946 2126,1992 2377,1919 2427,1943 2427,1812 2175,1909 1664,1844 1568,1889 1456,1850 1352,1866"/>
                <Baseline points="1359,1937 1412,1934 1465,1932 1518,1932 1571,1932 1624,1934 1677,1937 1730,1938 1783,1940 1836,1943 1889,1946 1942,1947 1995,1949 2048,1949 2101,1947 2154,1946 2207,1942 2260,1938 2313,1932 2366,1923 2420,1911"/>
                <TextEquiv>
                    <Unicode>tlanetach itzontli: in tzōcalla,</Unicode>
                </TextEquiv>
            </TextLine>
            <TextLine id="r2l17" custom="readingOrder {index:16;}">
                <Coords points="1357,2083 1409,2103 1567,2052 1862,2100 2094,2072 2251,2104 2419,2039 2420,1936 2295,1993 2208,1967 2095,2009 2029,1982 1841,2015 1785,1979 1547,2001 1471,1967 1357,1993"/>
                <Baseline points="1364,2051 1416,2049 1468,2049 1521,2049 1573,2049 1626,2051 1678,2053 1730,2055 1783,2057 1835,2060 1888,2061 1940,2063 1992,2064 2045,2064 2097,2064 2150,2064 2202,2061 2254,2058 2307,2054 2359,2048 2412,2040"/>
                <TextEquiv>
                    <Unicode>mjtoaia, tzompilinalli. fiuh</Unicode>
                </TextEquiv>
            </TextLine>
            <TextLine id="r2l18" custom="readingOrder {index:17;}">
                <Coords points="1347,2179 1699,2204 1759,2179 1886,2225 1978,2183 2050,2223 2392,2177 2375,2101 2178,2086 2123,2130 2053,2097 1348,2081"/>
                <Baseline points="1355,2168 1406,2166 1458,2166 1509,2166 1561,2168 1612,2169 1664,2171 1715,2172 1767,2174 1818,2176 1870,2178 1921,2179 1973,2180 2024,2180 2076,2180 2127,2180 2179,2178 2230,2175 2282,2171 2333,2166 2385,2160"/>
                <TextEquiv>
                    <Unicode>i aiamo mjquj mjtotiai,</Unicode>
                </TextEquiv>
            </TextLine>
            <TextLine id="r2l19" custom="readingOrder {index:18;}">
                <Coords points="1360,2325 1514,2289 1602,2323 1654,2295 1689,2324 1933,2292 2301,2313 2404,2284 2405,2190 2051,2223 1976,2190 1914,2240 1815,2249 1673,2195 1457,2192 1361,2243"/>
                <Baseline points="1368,2279 1419,2279 1470,2280 1522,2282 1573,2283 1625,2285 1676,2288 1727,2289 1779,2291 1830,2292 1882,2294 1933,2295 1984,2295 2036,2297 2087,2295 2139,2295 2190,2294 2241,2292 2293,2289 2344,2285 2396,2280"/>
                <TextEquiv>
                    <Unicode>qujtlatzotzonjliaia in veycā</Unicode>
                </TextEquiv>
            </TextLine>
            <TextLine id="r2l20" custom="readingOrder {index:19;}">
                <Coords points="1347,2450 1462,2407 1651,2413 1699,2448 1767,2414 1841,2452 1994,2411 2118,2475 2201,2415 2283,2441 2351,2386 2405,2402 2404,2310 2206,2313 2063,2376 1780,2326 1721,2363 1346,2359"/>
                <Baseline points="1355,2405 1407,2403 1459,2402 1511,2402 1563,2402 1615,2402 1667,2403 1719,2405 1771,2406 1823,2408 1876,2409 1928,2409 1980,2409 2032,2409 2084,2408 2136,2406 2188,2403 2240,2399 2292,2392 2344,2385 2397,2376"/>
                <TextEquiv>
                    <Unicode>que, in cujcanjme, qujcujcā</Unicode>
                </TextEquiv>
            </TextLine>
            <TextLine id="r2l21" custom="readingOrder {index:20;}">
                <Coords points="1332,2574 2037,2593 2154,2527 2368,2548 2399,2433 2324,2425 2218,2481 1895,2481 1810,2435 1720,2481 1507,2484 1412,2421 1333,2447"/>
                <Baseline points="1340,2519 1392,2517 1445,2517 1497,2517 1550,2517 1602,2519 1655,2520 1707,2522 1760,2523 1812,2525 1865,2526 1918,2528 1970,2528 2023,2529 2075,2529 2128,2528 2180,2526 2233,2525 2285,2522 2338,2518 2391,2513"/>
                <TextEquiv>
                    <Unicode>tia, quevilia mjcujc. Auh ia</Unicode>
                </TextEquiv>
            </TextLine>
            <TextLine id="r2l22" custom="readingOrder {index:21;}">
                <Coords points="1347,2675 1438,2639 1578,2686 2221,2690 2278,2655 2339,2694 2370,2672 2372,2548 2309,2533 2221,2590 2130,2538 2058,2597 1457,2563 1347,2599"/>
                <Baseline points="1355,2625 1405,2627 1455,2629 1506,2631 1556,2633 1607,2634 1657,2636 1707,2639 1758,2640 1808,2642 1859,2643 1909,2643 1959,2645 2010,2645 2060,2643 2111,2643 2161,2642 2211,2640 2262,2636 2312,2633 2363,2628"/>
                <TextEquiv>
                    <Unicode>quac mjtotiaia, vel mocho </Unicode>
                </TextEquiv>
            </TextLine>
            <TextLine id="r2l23" custom="readingOrder {index:22;}">
                <Coords points="1342,2773 2310,2798 2378,2772 2380,2666 2131,2735 1872,2673 1778,2710 1413,2660 1344,2688"/>
                <Baseline points="1350,2735 1401,2737 1452,2740 1503,2742 1554,2745 1605,2747 1656,2750 1707,2753 1758,2754 1809,2756 1860,2757 1911,2759 1962,2760 2013,2761 2064,2762 2115,2762 2166,2760 2217,2760 2268,2758 2319,2756 2370,2753"/>
                <TextEquiv>
                    <Unicode>liaia, yoan elcicivio, mocia</Unicode>
                </TextEquiv>
            </TextLine>
            <TextLine id="r2l24" custom="readingOrder {index:23;}">
                <Coords points="1347,2886 1542,2854 2068,2905 2362,2894 2392,2784 2301,2828 2134,2787 1997,2831 1904,2797 1792,2824 1672,2772 1591,2815 1350,2792"/>
                <Baseline points="1356,2846 1407,2847 1458,2849 1509,2850 1561,2853 1612,2855 1663,2858 1715,2861 1766,2863 1817,2866 1869,2867 1920,2870 1971,2871 2022,2873 2074,2874 2125,2874 2176,2874 2228,2873 2279,2871 2330,2868 2382,2865"/>
                <TextEquiv>
                    <Unicode>poa: iehica cacaachitonca,</Unicode>
                </TextEquiv>
            </TextLine>
            <TextLine id="r2l25" custom="readingOrder {index:24;}">
                <Coords points="1335,3003 1531,3011 1598,2970 1835,3037 2022,2990 2244,3041 2391,2981 2393,2870 2307,2925 2098,2947 1634,2883 1571,2918 1497,2888 1337,2911"/>
                <Baseline points="1343,2961 1395,2961 1447,2962 1499,2964 1551,2966 1603,2969 1655,2972 1707,2976 1759,2979 1811,2983 1863,2987 1915,2990 1967,2991 2019,2993 2071,2994 2123,2993 2175,2991 2227,2987 2279,2983 2331,2976 2384,2966"/>
                <TextEquiv>
                    <Unicode>ixqujctcaviel y, ca ixqujchi</Unicode>
                </TextEquiv>
            </TextLine>
            <TextLine id="r2l26" custom="readingOrder {index:25;}">
                <Coords points="1354,3099 2260,3125 2400,3102 2402,2996 2102,3065 1986,3023 1847,3058 1742,3017 1356,3004"/>
                <Baseline points="1362,3072 1413,3077 1465,3080 1516,3084 1568,3088 1620,3092 1671,3095 1723,3099 1774,3102 1826,3105 1878,3107 1929,3110 1981,3110 2032,3110 2084,3110 2136,3107 2187,3104 2239,3100 2290,3095 2342,3087 2394,3078"/>
                <TextEquiv>
                    <Unicode>cavitontli y, in ie ontlacotii,</Unicode>
                </TextEquiv>
            </TextLine>
            <TextLine id="r2l27" custom="readingOrder {index:26;}">
                <Coords points="1354,3213 1490,3199 1660,3255 2073,3239 2150,3270 2394,3213 2397,3107 2299,3162 2218,3124 2144,3159 2103,3130 1952,3161 1852,3135 1774,3167 1576,3097 1357,3115"/>
                <Baseline points="1362,3189 1413,3191 1464,3195 1515,3198 1567,3204 1618,3207 1669,3212 1720,3216 1772,3220 1823,3224 1874,3226 1925,3230 1977,3231 2028,3231 2079,3231 2130,3230 2182,3227 2233,3224 2284,3219 2335,3212 2387,3203"/>
                <TextEquiv>
                    <Unicode>i ie compoloz tlalticpacbli:</Unicode>
                </TextEquiv>
            </TextLine>
            <TextLine id="r2l28" custom="readingOrder {index:27;}">
                <Coords points="1350,3324 1531,3303 1657,3374 1711,3332 2136,3368 2404,3322 2406,3231 2245,3271 2100,3244 1894,3320 1352,3213"/>
                <Baseline points="1358,3299 1412,3302 1467,3306 1522,3311 1576,3315 1631,3318 1686,3323 1740,3326 1795,3330 1850,3333 1904,3335 1959,3336 2014,3338 2068,3336 2123,3335 2178,3333 2232,3329 2287,3323 2342,3317 2397,3309"/>
                <TextEquiv>
                    <Unicode>tluh mjquac omotzcaloti</Unicode>
                </TextEquiv>
            </TextLine>
            <TextLine id="r2l29" custom="readingOrder {index:28;}">
                <Coords points="1343,3444 1628,3420 1700,3484 1879,3451 2032,3501 2378,3421 2380,3349 1895,3413 1684,3400 1547,3318 1346,3327"/>
                <Baseline points="1352,3408 1402,3413 1453,3418 1504,3424 1555,3428 1606,3432 1657,3437 1708,3440 1759,3443 1810,3446 1861,3447 1911,3449 1962,3450 2013,3450 2064,3449 2115,3447 2166,3445 2217,3441 2268,3437 2319,3432 2370,3425"/>
                <TextEquiv>
                    <Unicode>natiuh: njma ieic qujtleca</Unicode>
                </TextEquiv>
            </TextLine>
            <TextLine id="r2l30" custom="readingOrder {index:29;}">
                <Coords points="1342,3550 1795,3561 1948,3604 2041,3562 2164,3614 2404,3538 2405,3419 2275,3492 2042,3514 1906,3471 1834,3517 1693,3480 1607,3522 1343,3469"/>
                <Baseline points="1350,3536 1402,3539 1454,3542 1507,3545 1559,3549 1611,3552 1664,3555 1716,3557 1768,3560 1821,3561 1873,3563 1925,3563 1978,3564 2030,3563 2082,3562 2135,3560 2187,3558 2239,3554 2292,3549 2344,3544 2397,3537"/>
                <TextEquiv>
                    <Unicode>via i taucalticpac, qujlzz</Unicode>
                </TextEquiv>
            </TextLine>
            <TextLine id="r2l31" custom="readingOrder {index:30;}">
                <Coords points="1348,3708 1495,3668 1626,3729 1762,3739 1875,3685 2145,3678 2264,3733 2341,3655 2386,3658 2386,3585 2207,3639 2094,3606 2017,3640 1897,3606 1687,3638 1552,3593 1348,3615"/>
                <Baseline points="1355,3653 1406,3657 1457,3662 1508,3666 1559,3669 1611,3672 1662,3674 1713,3677 1764,3678 1815,3678 1867,3680 1918,3679 1969,3678 2020,3677 2071,3675 2123,3673 2174,3669 2225,3666 2276,3661 2327,3656 2379,3651"/>
                <TextEquiv>
                    <Unicode>qujtivi; qujtocativi mjs</Unicode>
                </TextEquiv>
            </TextLine>
            <TextLine id="r2l32" custom="readingOrder {index:31;}">
                <Coords points="1354,3813 2178,3847 2422,3771 2421,3644 2264,3733 2149,3750 2103,3716 1795,3761 1578,3709 1354,3723"/>
                <Baseline points="1362,3768 1414,3771 1467,3776 1519,3780 1572,3785 1625,3789 1677,3792 1730,3795 1783,3797 1835,3799 1888,3800 1941,3801 1993,3800 2046,3798 2099,3796 2151,3792 2204,3785 2257,3778 2309,3771 2362,3760 2415,3749"/>
                <TextEquiv>
                    <Unicode>qujctitin, mjxiptlaoce dioll</Unicode>
                </TextEquiv>
            </TextLine>
            <TextEquiv>
                <Unicode>de las cerimonjas,
tatl in tlapilolli quauh ivitl
mjiacachapollo, injiacacpi
pilcac; yoan centlapalqujtzi
quja, itzotzopasz: yoa moxaula
mochictlapana, mjchictla
pana: mj tenco qujteca tlilli:
mjtoa, motentlilhuja: auhl
mjiac ipan, yoan ixquacte
coçavitl in qujteca, yoan
iquauhtzon, tzoncalli mjae
ch tlavipantli in quauhi
vitl, çan mjxcavia in tzocli
tlamalintli, tlavipantli, ila
vipanalli, itech tlatzontli
tlanetach itzontli: in tzōcalla,
mjtoaia, tzompilinalli. fiuh
i aiamo mjquj mjtotiai,
qujtlatzotzonjliaia in veycā
que, in cujcanjme, qujcujcā
tia, quevilia mjcujc. Auh ia
quac mjtotiaia, vel mocho 
liaia, yoan elcicivio, mocia
poa: iehica cacaachitonca,
ixqujctcaviel y, ca ixqujchi
cavitontli y, in ie ontlacotii,
i ie compoloz tlalticpacbli:
tluh mjquac omotzcaloti
natiuh: njma ieic qujtleca
via i taucalticpac, qujlzz
qujtivi; qujtocativi mjs
qujctitin, mjxiptlaoce dioll</Unicode>
            </TextEquiv>
        </TextRegion>
    </Page>
</PcGts>
