2716 4074
194 30 701 209 de la fiesta
75 206 1239 366 Enel postrero dia del dicho mes, haziā
87 339 1223 459 vna muy solenne fiesta, a honrra del
79 411 1240 535 dios llamado xippe tototec: y tambie
65 486 1246 597 a honrra de vitzilobuchtli. Enesta fi
81 581 1250 698 esta, matauan todos los captiuos, hom
79 681 1235 828 bres y mugeres, y njños: antes que los
81 804 1264 898 matasen, hazian muchas cerimonjas.
75 866 1207 1026 son las sigujentes. La vigilia de la
63 937 1241 1101 fiesta, aespues de medio dia, comen
81 1048 1233 1182 cauan, muy solemne areyto: y vela
83 1136 1203 1280 uan por toda la noche, los que auj
76 1222 1228 1374 an de morir, en la casa quellama
89 1333 1238 1468 uan calpulco: aquj los arrançauan
66 1425 1229 1574 los cabellos del medio de la corona de
72 1505 1226 1664 la cabeça: junto al fuego hazian esta
90 1608 1234 1775 cerimonja, esto hazian, ala media no
85 1705 1226 1874 che, quando solian sacar sangre de
76 1800 1231 1950 las orejas, para ofrecer a los dioses: lo
67 1895 1235 2044 qual siempre hazian, ala mediano
85 2006 1214 2135 che. Al alua de la mañana, lleua
84 2096 1237 2229 uanlos, adonde aujan de morir, que
87 2168 1223 2328 ara al templo de vitzilobuchtli: alli
79 2273 1264 2439 los matauan, los mjnistros del templo
98 2399 1216 2533 dela manera que arriba queda
91 2484 1229 2641 dicho, y atodos los desollauan: y por
82 2574 1220 2741 esto llamauan la fiesta tlacaxipeoa
78 2683 1232 2828 liztli, que qujexe dezir, desollamjento
80 2783 1235 2874 de hombres: y aellos los llamauan xi
52 2871 1216 3004 peme, y por otro nombre tototecti.
54 2962 1223 3100 lo primero, qujere dezir, de sollados.
54 3046 1239 3200 lo segundo, qujere dezir, los muertos
64 3152 1200 3281 a honrra del dios totec. Los duenos
59 3248 1221 3392 de los captiuos, los entregauan alos
49 3348 1204 3477 sacerdotes abaxo al pie del cu: y
61 3424 1233 3569 ellos los lleuauan, por los cabellos, ca
55 3519 1240 3665 da vno al suyo, por las gradas arri
54 3613 1238 3758 ba. Y si alguno no queria yr de su
44 3703 1234 3841 grado, lleuauanle arrastrando, has
1543 51 2317 212 tlacaxipeoaliztli.
2420 99 2692 212 fo. 18.
1329 183 2533 389 ¶ Tlacaxipeoaliztli: ynin ilhuitlquj
1335 338 2483 457 caia: auh inic muchioaia, iquac
1335 431 2465 570 miquja, yn ixqujch malli, yn ix
1336 549 2454 689 qujch tlaaxitl, yn ixqujch haxi
1326 639 2456 796 oac: yn oquichtli, in cioatl, yn
1339 739 2488 918 ixqujch piltzintli. Jn maleque, in
1329 867 2476 1017 ie iuh muztla miqujzque in mal
1328 961 2485 1128 hoan, iquac peoa, in momalito
1332 1111 2497 1232 tia, in ie onmotzcaloa tonatiuh:
1334 1202 2440 1331 auh ceiooal qujtocauja ynjmal,
1328 1334 2484 1467 in vncan icalpulco: yoan vncan
1332 1422 2438 1620 qujtzoncuj, iquaiolloco, tlecuil
1333 1537 2448 1699 ixquac qujtlalia, iquac in ioai
1321 1652 2479 1793 li xeliuj, neçoalizpan. Auh ino
1326 1759 2465 1917 oallatujc, vncan coneoaltia, inic
1326 1908 2440 2057 mjqujtiuh: in miquja vel ipan
1332 2010 2513 2163 mnjlhujtl: auh vel iuh cemjlhujtl
1326 2114 2473 2270 muchinti qujnxipeoaia, xipeoa
1310 2230 2441 2379 loia: ic mjtoaia tlacaxipeoaliz
1329 2378 2453 2533 tli. Auh in mamalti motocaio
1325 2490 2468 2641 tiaia xipeme, yoan tototecti: in
1323 2580 2486 2736 temictiaia, iehoantin in tlamacaz
1336 2725 2442 2868 que: amo iehoanti qujnmictia
1321 2824 2449 2964 ia in maleque, çan tequjtl quj
1308 2933 2427 3095 moncaoaia, çan tequjtl temac
1327 3085 2433 3217 qujmoncaoaia, qujnquatemo
1321 3189 2440 3318 tzultzitzqujtiuj, in quatlaquj
1309 3299 2488 3443 mantiuj, ymjcpac qujmantiuj,
1295 3413 2484 3538 ynjc qujntlecauja teucalticpac.
1323 3519 2464 3665 Auh yn aca malli, vel çotlaoa, iol
1311 3648 2464 3784 miquj, ça chachapantiuh, çaquj
1297 3751 2470 3894 vilana: auh yn aca vel muchica.
