2620 4056
489 35 989 232 Libr0.
95 268 1259 422 esforçando le, para los traba
80 384 1228 526 jos, en que se auja de ver: el
508 475 898 577 a esta maneraz
75 483 1246 632 primero le dezia. Fijo aquj
64 585 1230 746 nos aueys iuntado, y allega
83 707 1318 878 do atodos, los que aquj estamos:
72 843 1236 988 que somos vuestros padres, y
91 955 1271 1101 mercaderes como vos: es biē
96 1078 1257 1207 que os aujsemos, y hagamos
95 1185 1285 1318 el oficio de vieios: para con vos
85 1279 1277 1428 consolando os, y esforçando
106 1409 1276 1535 os: vyo el primero: como a hi
96 1520 1289 1671 jo, os qujero dezir mj parecex:
117 1618 1250 1803 pues que ya estays de partida,
125 1760 1264 1915 para lexos tierras, y dexays a
124 1870 1258 2018 vuastro pueblo, y avuestros pa
125 1973 1277 2136 rientes, y amjgos, y avuestro
115 2100 1285 2261 des canso, y reposo: y aueys de
120 2220 1309 2378 yr por largos camjnos, por cu
134 2328 1309 2495 estas, y valles, y despoblados:
139 2475 1255 2585 esforcacios huijo, no es razon
142 2566 1294 2731 que acabeys vuesta vida aquj,
150 2698 1302 2841 nj que moreys aquj: sinque ha
139 2790 1313 2965 gays alguna cosa loable, para
159 2887 1309 3067 que ganeis honrra : como noso
139 3016 1298 3161 tros vuestros padres, lo desga
151 3146 1298 3286 mos: y ansi con lagrimas pe
147 3260 1310 3386 dimos, que sea asi: y vuestras
155 3366 1325 3506 obras sean conformes, a nu
166 3471 1332 3623 estros desseos. Vuestros antepaj
148 3583 1400 3728 sados, enestos trabajos, se exer
155 3701 1371 3872 sitaron en camjnos:  enesto,
1555 89 1738 280 A.
1334 251 2477 390 puetule, notelputze, telputztze: ça oti
1337 348 2476 489 qujmontemo, otrqujmontzatzili, oti
1352 443 2503 578 qujmonnenotzallan, i monaoan, in
1349 541 2479 658 motahoan, mpuchteca, moztomeca,
1346 615 2502 804 mjaque: camjean imjxco, ymjcpac,
1356 731 2498 873 titlachia, tiqujmonjximati, amjtzca
1349 788 2550 991 vilizque, amjtzmacazque in cententli,
1340 903 2538 1099 yn cencamatl, mjntlatquja, yn jntla
1345 1007 2527 1193 mamaia, mjntlacazcaltiaia, mjnttla
1364 1165 2517 1316 caoapaoaia; mjc otlamavicoque, in
1358 1255 2491 1426 iuhçan in quauhtla, i çacatla: auh
1358 1370 2490 1553 mjn canjçan cententli cencamatl,
1360 1486 2504 1634 ienjmjtziollalia, ic njmjtzchicaoa in
1349 1550 2557 1734 tenopiltzin, in ic njmona, njmota, mjc
1351 1679 2518 1833 timonanmati, mjctimotamati: tomo
1372 1798 2522 1930 tolinja, co cetonmoquetzaz, ietocon
1366 1882 2546 2055 tlalçaviz maltepetl, mmochan in me
1366 1958 2528 2163 ocico, i tlatilulço, anoço itenuchti
1373 2077 2541 2284 tlan, ie tiqujmoncauhtiaz, ic tiqujmo
1388 2186 2536 2342 cauhteoaz, i mooaiolque, ie toncla
1382 2271 2531 2440 cauhteoaz in mochan, in mocalitii
1384 2411 2547 2551 in moqujzcan, i moiolcan q̄moquis
1381 2517 2537 2668 tetzon ionocan, mmomanaoal, onoci
1383 2613 2524 2768 momatetzon, ie toçomamjqujz in co
1390 2676 2519 2867 coatl in vtli melaoac, in vehpantli,
1379 2830 2539 2957 ietocontocaz, ie toconnamjqujz mjx
1382 2919 2557 3057 tlaoatl, in vei tlalli. Timotolinja no
1389 3007 2542 3170 piltze, telpuchtle; ma ximellaquaoa,
1406 3132 2536 3273 canneltimonemjttz: cujxnjçan timo
1395 3217 2562 3361 mjqujlizc maçana ixtlauhto, popoul
1391 3348 2519 3486 to; mjnchoqujz, yn jntlaoçol, m mo
1388 3427 2550 3583 techiuhcaoan, in veuetque: injcatli
1406 3480 2547 3673 icmjtzapana, ic mjtzqujmjloa: aoiuh
1412 3583 2594 3751 iaque m motechiuhcaoan, ca in teoqul,
1418 3689 2588 3868 mtlachinol oqujmattiaque, oqujchiua
