2490 4056
295 78 856 260 de la fiesta.
42 248 1102 410 no lleuauan quatro, dos porlos
51 353 1124 501 pies, y dos por los braços: lleua
62 435 1076 570 uan los boca arriba, llegados
58 531 1088 650 arriba, echauanlos sobre el ta
45 628 1080 782 xon, y abrian los los pechos, y
69 745 1084 874 sacauanlos los coraçones, su
59 826 1121 978 bian los aestos. desta manera
57 947 1111 1109 en significacion, que eran cō
58 1034 1099 1198 mo cieruos, que yuan ata
65 1146 1094 1265 dos ala muerte : los demas
60 1238 1102 1390 esclauos, yuan por su pie.A
60 1350 1117 1515 ujendo muerto atodos estos,
75 1454 1102 1629 ala postre matauan, ala y
64 1554 1110 1696 magen del dios mizcoatl: porq̄
57 1661 1106 1785 todos los matauan en su cu:
44 1741 1131 1899 y alos que eran del dios tlama
78 1865 1154 2021 tzincatl, tambien los mataua
81 1948 1113 2133 en su eu: subianse de su eu, y
75 2055 1122 2217 uan al taxon, donde los mata
82 2158 1155 2309 uan, enel cu de tlamatzincatl.
85 2256 1157 2417 Las mugeres, matauan las en
95 2340 1153 2499 otro cu, que llamauan coatla,
114 2430 1163 2594 ante que alos hombres, y las mu
92 2528 1158 2685 geres, quando subian las gradas,
88 2632 1139 2764 vnas cantauan, y otras grita
80 2735 1131 2861 uan y otras llorauan, yuan
81 2808 1114 2965 lleuando las por los bracos algu
72 2912 1135 3049 nos hombres, porque no desma
63 3020 1122 3172 yassen: y despues que las auj
76 3126 1145 3251 an muerto, no las arrojauan
84 3205 1145 3374 por las gradas abaxo, sino des
81 3323 1168 3456 cendian las, rodando poco a poco:
76 3410 1150 3555 estauan abaxo cerca del luoar,
72 3510 1142 3650 donde espetauan las cabecas,
78 3598 1195 3753 dos mugeres viejas, que llamaua
93 3686 1149 3820 teixamique, tenjan cabesi, v
90 3775 1157 3895 nas xicaras, con tamales, y vna
1431 59 1925 236 Quecholli.
2155 93 2410 226 fo. 62.
1167 249 2320 405 m mamalti mjquj navintin:
1172 360 2355 542 apetlac in qujmjilpilia imicxi
1172 467 2345 646 yoa mma: mecqujntleca via
1175 604 2334 757 qujnnanauhcavia, qujntiti
1168 719 2338 886 linjlitivi mjnma, mjmjcxi:
1189 806 2314 1038 aaquetztivi, tlalchioalpipil
1180 952 2341 1117 catuch in in tzontecon. Auh
1185 1095 2381 1274 mo qujmonaxitique, mecquj
1184 1215 2392 1349 moteca intechcac, yncā qujmo
1190 1314 2348 1494 mjctia. Auh mjc iuh qujn tle
1190 1482 2338 1606 cavia y, qujlmach ic qujnma
1187 1566 2337 1737 çapoloa, qujntlaehecalhuja
1196 1693 2408 1840 mmamaça, mjuhmjquj: auh
1189 1795 2332 1970 moccequjn tin mamalti, can
1195 1891 2357 2087 omono mavia in ontleco: dech
1189 1999 2354 2202 mōmjeque, mon claçotique:
1199 2142 2387 2302 ça tepan in onimjquj Mixccoatl.
1200 2236 2419 2424 dech in mjqujay mjxeoateupā:
1214 2357 2377 2520 njman iehoantin in tlamatzi
1207 2467 2341 2648 ca, vmpa mjquj tlamatzin co:
1216 2588 2328 2773 auh mjc mjquj, can ōmono
1187 2690 2391 2867 matlecavia, çan piollotlama
1207 2805 2341 2974 ti in ontleco: njma techcac
1211 2946 2352 3106 ontlamelauh timanj: auh in
1202 3061 2396 3255 mjquja y vnean in tlamatzin
1224 3187 2398 3321 costuh i cioa, vel ocioatzinco
1221 3310 2386 3481 mmjquja, vmpan coatlan
1233 3416 2394 3596 mjquac tleco, cenca cujtativi
1225 3549 2416 3692 cequjntin mjtotitivi, meequj
1226 3678 2413 3811 tin del choca: auh inteanque
