2560 4140
573 58 937 245 lilo
115 262 1282 428 pies, no los puedo menear. Y le di
91 406 1316 536 xo el viejo, respondiendo al dicho
110 529 1284 680 quetzalcoatl. Señor, veysaquj
97 652 1262 782 la medicina, que os traygo: es
104 746 1270 890 muy buena, y saludable, y se
92 853 1305 990 enborracha qujen la beue: siquj
105 945 1268 1070 sierdes beuer, en borracharos ha,
108 1062 1249 1203 y sanaros ha, y ablandarse os
109 1178 1253 1308 ha el coraçon: y acordarse os
99 1269 1228 1409 ha, de los trabajos, y fatigas, y
96 1386 1270 1543 dela muerte, o de vuestra yda.
108 1499 1263 1661 zle respondio, el dicho quetzalco
99 1608 1261 1752 atl: diziendo. O viejo, adonde
91 1701 1273 1869 me tengo de yr: y le dixo, el
90 1827 1264 1946 dicho viejo. Por fuerça aueys de
79 1951 1264 2074 yr, atullan tlapallan: en don
90 2063 1271 2209 de esta otro viejo, aguardando
85 2137 1254 2261 os: el, y vos, hablareys entre vo
84 2242 1255 2393 sotros: y despues de vuestra buel
61 2366 1251 2499 ta, estareys como mancebo, aun
81 2473 1299 2617 os boluereys otra uez como mucha
93 2561 1237 2708 cho: Jel dicho ouetzalcoatl, o y
89 2668 1235 2817 endo estas palabras, moujose le
74 2786 1227 2909 el coraçon: y torno adezir el vie
77 2887 1243 3050 jo, al dicho quetzalcoatl. Señor
72 2971 1233 3091 mande beuer, esa medicina: y
67 3094 1261 3238 le respondio, el dicho quetzalcoatl
63 3189 1257 3342 diziendo. O Viejo no qujero beuer,
63 3282 1262 3446 y le respondio, el viejo: diziendo.
72 3387 1261 3525 señor beuala, porque sino labe
60 3501 1192 3628 ueys, despues se os a de antojar
69 3606 1240 3729 alo menos poneosla, en la fiente,
79 3701 1240 3849 o beued tantito. Jel dicho quetzal
70 3809 1189 3937 coatl, gusto, y prouola, y des
66 3885 1205 4019 pues beujola: diziendo. Que es
1375 255 2517 428 tlaloa quilhu noxviuhtzine, ta
1385 412 2523 585 catle, quenticmomachitia in la
1376 509 2524 718 nacaiotzin, canjcancatquj in pula
1381 659 2513 820 yn ommjtzalnotquilili ma xicnl
1370 794 2512 969 ti, auhnjman quito in quetzcā
1370 898 2516 1053 coatl: tlaxioallauh veventze, otl
1367 1005 2524 1196 quihjiovi, oticciauh, caiemacia
1369 1160 2486 1325 ie matlac, in njmichia: aula
1356 1297 2488 1500 mjma quilhui invevonto, non
1370 1410 2508 1604 viuhtzine quenvel ticmomachitla,
1354 1540 2509 1753 in monacaiotzin, njman quili
1358 1703 2495 1859 in quetoalcoatl: ca cenca novita
1366 1802 2502 2005 mnoçoçooa, acanveli in momau
1363 1962 2504 2104 in nocxic, vel cocotlaoa in nola
1353 2082 2493 2272 caio, iuhqujciciotomj: auh njntla
1357 2217 2484 2426 quilhui in vevento, ca icatlia
1351 2367 2465 2551 quj, in patli cenca qualli, t
1358 2498 2472 2686 manquj, yoantetechquiz, ila
1347 2612 2452 2811 ticmiliz, motechquiçaz, yol
1338 2748 2431 2966 qujiamanlliz in monacaio,
1348 2883 2473 3104 tichocatz, ic noiovaz in moiua
1345 3050 2480 3271 tiquilnamquiz, in momiquis.
1348 3194 2456 3393 auh yoan vel ipan tiquilnami
1339 3354 2447 3525 quiz incampa tiatz, njmatl
1330 3455 2459 3662 qujto in quetzalcoatl: camjlida
1317 3554 2474 3821 mad veventze: njman quilhujs
1320 3745 2465 3917 vevento, cacatiatz, in vmpa a
1338 3883 2440 4063 lan tlapalan; cetlacatl vmjn
