2732 4164
1107 27 1658 227 de los agueros.
2452 100 2633 240 fo. 3.
107 185 1295 336 uentura nos ande a tujar algu.
1416 176 2738 399 cujlizque, qujntlatlaçaltizque, qujn
102 298 1286 450 naguerra: paraque no podamos:
1419 321 2628 487 tlanamoelizque: anoço cana ce
117 390 1298 543 passar. Quando platicauan estas
1406 452 2660 611 me, ic onquauhtenuetzizque, ie on
114 488 1313 654 cosas, entresi: aquel que era prin
1408 581 2614 744 vetzizque, ic ommomaiaujzque:
96 616 1271 791 cipal, entre estos: començaua a
1396 708 2684 879 noçe, ie ontequancoalozque, tequā
81 738 1264 898 esforçar, y consolar a los otros
1401 822 2659 1009 tlaqualtin, tequanjme in tlaqual
75 852 1258 1000 menores: y dezia glos desta ma
79 968 1254 1134 nera, yendo andando. Prjos
1394 975 2648 1148 boan ie ommuchioazque: anoçe,
82 1117 1286 1284 mjos, y hermanos mjos: no con
1401 1097 2618 1273 cana inpan ieoalmotzaquaz iao
89 1206 1250 1372 ujene que nadie devosotros se
1400 1219 2661 1415 iotl: ie conmonamjctizque. Jn jquac
77 1309 1274 1468 entristezca, nj desmaye: por el
1425 1362 2583 1533 yn, in aqujn tachcauh, intach
79 1434 1262 1611 aguero que aueys oydo: que
1402 1483 2642 1682 cauhchiuhtiuh, in tachcauhica
70 1578 1275 1726 ya tenjamos entendido, quan
1394 1604 2601 1828 tiuh vtlipan, vnean peoa, in quj
59 1693 1275 1839 do partimos de nuestras casas,
1398 1752 2612 1957 molaquaoa, in qujnchoqujztla
73 1834 1275 1966 y de nuestros parientes: que ve
64 1921 1258 2084 njamos offrecer nos, ala muer
1385 1887 2652 2083 paloa, iteiecaoan, itlahoapaval
52 2043 1271 2223 te: y sus lagrimas, y sus lloros,
1391 2022 2587 2257 van: in vtli ipan qujmixtla
56 2173 1244 2336 que nuestra presencia dezrama
1388 2170 2587 2382 machtia, qujmjlvia ximella
54 2293 1236 2458 da, bien las vimos: porque se a
1367 2345 2634 2524 quauacan, nopilhoane, noteic
41 2412 1247 2578 cordaron, y nos dieron a enten
1369 2483 2636 2671 caoane, quennel titotolinja: ma
46 2501 1210 2709 der, que toruentura en algun
1377 2598 2555 2816 caiac tlaocuja, nentlamati inj
35 2645 1224 2831 despoblado, o en alguna mon
1372 2719 2607 2945 iollo, canel ic tioallaque, in timj
39 2778 1239 2952 tana, o en alguna barranca: it
37 2887 1247 3052 ujan de quedar nuestros huesos,
1363 2882 2603 3087 qujço: ca iuhoalietia, iuhqujoal
25 3014 1302 3181 y sembrar se nuestros cabellos, y der
1366 3025 2617 3270 mattia in toiollo: injc ticoalal
37 3164 1251 3321 ramarse nuestra sangre: y esto,
1350 3139 2609 3378 caujque, tiquallalotique inton
19 3275 1177 3434 nos avenjdo: no conujene, que
1350 3337 2591 3535 ca, in ceca: in tauj, in totla, into
20 3352 1273 3544 nadie sehaga depequeño coracō:
17 3481 1225 3650 como si fuesse muger temerosa
1366 3458 2571 3702 mach, in toueltiuh: caie injc
-4 3609 1254 3776 y flaca: aparejdos, como varones:
1358 3613 2644 3854 tecnchoqujli, injc topan qujpixo,
12 3699 1215 3864 para morir: orad a nuestro, se
1341 3753 2660 4002 in choqujz, in jtlaocul: aço cana
18 3803 1239 4020 nor, dios, no cureys de pensar en
