2566 4060
1242 -2 1679 195 Apendiz.
193 176 1440 329 sacerdotes, y ministros de nuestros
2422 214 2468 295 z.
1477 193 2426 350 nican anoalmouicatiaque
211 295 1379 438 dioses, aueys tomado trabajo
1463 277 2501 459 mocxitzin anquioalmamiliza,
205 386 1400 521 de venjr aquj, a nuestra casa
1477 414 2495 564 açotlacotl, cacatl cana obla
201 490 1398 618 y os truxo nuestro señor todo
1468 545 2498 728 quioalmocxinanquilique, a
216 576 1405 742 poderoso: hazemos os saber, que
207 696 1364 838 nuestro señor fue serujdo de
1471 678 2495 852 cana amocxitzin o anqujla
202 804 1382 951 hazer nos merced, de darnos v
1465 788 2518 987 mocuelhuique, oanqujoallo
205 928 1343 1048 na criatura, como vna ioya
1471 928 2509 1084 fecujmuaue, camjcan anlas
215 1024 1375 1163 o pluma rica, que nos fue da
1456 1035 2501 1220 oalmotlalilia, in totecuja, a
211 1106 1391 1254 da, si merecieremos, que este
1459 1148 2512 1341 qujmocuilia, anqujmocaquji:
196 1211 1346 1368 muchacho se crie, y biua: yes
1452 1283 2498 1413 tia, acanelle, axcan cenfes
201 1332 1376 1475 varon, no conujene que le mos
1442 1390 2511 1576 cozcatl quetzalli, o qujmomaca
196 1461 1335 1587 tremos oficio de muger tenj
1444 1510 2521 1703 vili intoteujo, intioque nao
192 1548 1357 1679 endole en casa: por tanto os le
184 1641 1354 1778 damos, por vuestro hijo, y os le
1423 1641 2496 1811 que titenqui, ticochitleoa,
183 1735 1366 1896 encargamos: y agora al presen
1434 1743 2514 1940 canelle axcantleonioz, in pila
185 1847 1337 1991 te, ofrecemos le al señor Que
1431 1860 2523 2054 tli, in conetontli: cujxmalacua
169 1963 1337 2077 tzalcoatl, o otro nombre tlilpo
1435 2031 2509 2196 tzotzopaztli, atic maçazque
157 2067 1361 2210 tonquj, para entrar en la casa
169 2165 1349 2308 de calmecac, que es la casa de
1415 2155 2491 2356 ca amasecatzin, ca amotlaa
177 2258 1325 2401 penjtencia, y lagrimas, donde
1420 2289 2481 2463 quitzin, yn axcan inictzinlo
165 2366 1324 2501 se crian los señores nobles: por
1414 2446 2490 2608 tiqujtoa in tlacatl in topillzi.
173 2466 1319 2603 que en este lugar se merecen
171 2572 1324 2693 los tesoros de dios grando, y ha
1397 2561 2472 2759 in quetzalcoatl, in tlil potoa
174 2667 1348 2811 ziendo penjtencia, con la grimas
1404 2691 2467 2852 calaquiz in calmjecac, in eta
162 2794 1311 2919 y gemjdos, y pidiendo adios, q̄
1405 2761 2515 2973 quizcali mjxaiocali, in tlaula
156 2905 1324 3012 les haga mjsericordia, y merced
1387 2936 2510 3090 calli, in vncan izcaltilo, oapt
145 2987 1322 3118 de darles sus riquezas. Desde
154 3066 1295 3220 agora le ofrecemos, paraque
1396 3027 2535 3245 oalo in totecujooan intepilio
148 3172 1303 3341 endegando a edad conuenjble,
1404 3156 2498 3369 auhin vncan tlaitlamjuo, inlo
138 3288 1289 3426 entre y viua encasa, de nues
1385 3283 2511 3490 quenaoaque, in vncan ixilla.
136 3386 1314 3538 tro señor, donde se crian, y do
1392 3447 2485 3606 itozcatlan mamaiaooa itlic
127 3501 1294 3630 trinan los señores nobles: y pa
129 3579 1301 3742 raque este nuestro muchacho
1382 3550 2525 3754 hoatzin totecujo, in vncantlao
124 3723 1295 3848 tenga cargo de barrer, y limpi
1391 3701 2526 3911 tataquililo, in choaizticca, injc
