2618 4170
294 100 1004 271 de los serujcios,
65 451 1220 602 Relacion, de otros seruj
74 554 1222 745 cios, que se hazia alos demo
55 677 1193 844 njos, enel templo, y fuera
622 819 703 902 .
737 1161 827 1220 l
443 1154 517 1294 si
706 1232 1049 1408 fc8.
350 1245 726 1417 hco.
78 1320 1178 1501 Los que se escapauan, de alguna
69 1448 1205 1579 enfermedad, por consejo de algun
76 1523 1227 1666 astrologo: escogian algun dia, bien a
75 1607 1214 1751 fortunado. Y eneste dia, dentro de
88 1683 1207 1823 su casa, que maua enel hogar de
87 1749 1224 1889 su casa, muchos papeles, enque el
93 1842 1229 1964 astrologo auja pintado, çon vlli las y
87 1921 1225 2047 magines de aquellos dioses, que se cō
99 1982 1230 2124 iecturaua, que le aujan ayudado,
102 2059 1226 2185 para salir dela emfermedad, El as
101 2138 1224 2262 tiolooo los daua, alque ofrecia, dizi
114 2222 1212 2362 endole: El dios, que alli yua pinta
103 2305 1217 2447 do, y el otro echaua el papel en el
81 2367 1228 2528 fuego, y despues de quemados todos
87 2478 1218 2608 los papeles tomauan la ceniza, y en
87 2543 1201 2672 terrauanla en el patro de la casa.
82 2614 1114 2740 Aesto llamauan nestlaoaliztli
87 2698 1241 2850 Algunos por su deuocion, ofrecian san
93 2771 1228 2882 gre, en los cues, en las vigitias de las fi
87 2850 1261 2983 estas: y para que su ofrenda fuesse mas
89 2915 1251 3054 accepta, yuan abuscar laurel siluestre
86 3008 1243 3120 que ellos llaman oxoiatl que se criau
105 3070 1213 3214 mucho, por essos montes, y traydo, en
99 3141 1242 3290 tangrentauan, con sanore de las pier
90 3217 1244 3323 nas, dos puntas de mabuey, enel calpue
90 3282 1243 3414 cos, y dalli las lleuauan aleu, y hazian
93 3364 1213 3462 vn lechuelo, de los ramjllos tiernos der
89 3417 1223 3562 laurel, y ponjansobre el, las puntas de
105 3493 1215 3631 maguey ensangrentadas, ofreciendo
92 3539 1235 3704 aquel dios, aqujen tenjan deuori
89 3646 1217 3765 on. Y aesto llamauan aexoiatema
102 3712 258 3806 liztli
111 3788 1209 3910 uando aujan de yr a alguna guerra
94 3844 1230 3981 Primero todos los soldados, yuan por le
1478 98 2048 272 d el templo.
2271 136 2552 269 fo. 123.
1293 317 2314 483 muchintin in jezço teumjcquj.
1457 432 1561 629 C
1466 1083 2044 1263 neztlavaliztli.
1389 1388 2449 1561 inneztlavaliztli injc muchiva
1311 1528 2454 1697 ia in jqoac aco aca intlein ipā
1302 1637 2482 1776 muchivaia, aço cocoliztli in jqoac:
1311 1743 2455 1931 opatic, njman aco copalli yoa
1308 1876 2455 2035 amatl injc moxtlavaia, injc a
1294 2011 2458 2129 mo omjc iuhqujnma ic tlaxtla
1313 2124 2391 2277 va, iehica ca omiquizquja.
1500 2270 2166 2497 Ncxoiatemaliztli.
1386 2631 2473 2793 injc muchivaia acxoiatzmaliz
1325 2767 2451 2929 tli caconcuja quauhtla in acxo
1310 2890 2473 3053 iatl xoxouhquj injc ipan nevitz
1299 3013 2460 3183 manaloz achto contemaia inac
1319 3158 2468 3319 xoiatl ipan conmanaia in vitztli
1324 3303 1726 3446 vme eszco.
1390 3466 2195 3657 Teuquauhquetzaliztli.
1372 3653 2448 3822 n teuquauhquetzaliztli ic muchi
1347 3791 2469 3921 ivaia, ca concuja in xoxuhquj
2456 4025 2528 4145 l
