2620 4030
938 30 1745 206 Del primero libro.
1405 208 2582 340 atle oqujcactiaque, in teutlatolli: ic
84 227 1285 371 ran de fructos: por ignorar vrōs an
1402 324 2582 439 cenca in ca omocacaiauhque in dia
83 318 1273 478 tepasados, las verdades, de la sa
1393 412 2582 568 blome, in vel toiaoan, in tlalticpac
90 434 1304 612 grada escriptura, se dexaron en
1386 507 1646 640 titlaca.
77 542 1291 727 gañar, de diuersos errores de los
1393 639 2555 792 A. Jzcatquj iniuhca teutlatolli, ynic
76 656 1280 791 demonjos, nrōs enemigos. A. Di
1401 737 2551 874 pinauhtilo in tlateutocanjme. Jncō
89 745 1308 891 ze la sagrada escriptura. Jn commu
1395 815 2532 949 munjcabile, nomen lapidibus, et
102 849 1287 994 nicabile nomen lapidibus et lignis
1391 894 2540 1035 lignis in posuerunt : Sapientie. 14.
1397 979 2554 1125 q.n. Jn tlateutocanjme ynjc cenca
87 966 1287 1119 in posuerunt. Sapientie. 14. Quje
1398 1064 2527 1200 omotlapololtique, in teutocaitl, y
90 1099 1263 1230 re dezir. A tan gran locura, y ce
1393 1132 2572 1290 tech oqujtlalique, in tetl yoan in qua
103 1194 1284 1389 guedad vinjeron los malauentu
1388 1232 2533 1393 vitl: qujteutocaque in tetl, yoā in
110 1286 1301 1475 rados ydolatras, que el nombre
1403 1323 2519 1473 quavitl: in tetl, çan vel izeltzin y
1398 1441 2525 1545 neixcaujlaxcatzin, idios in teiocu
102 1405 1297 1608 que asolo dios pertenece le apli
1391 1516 2543 1644 ianj, yn jpalnemoanj. Auh yn jxpo
105 1518 1280 1720 caron, a hombres, y mugeres, y a
1397 1601 2533 1740 poiome, in tlateutocanjme, qujtoca
90 1664 1314 1819 los anjmales, y alos maderos, y pie
1392 1686 2559 1798 iotique in tetl, qujlhujque: ca tinote
1388 1782 2567 1894 ouh: qujlhiujque, in quaujtl, catino
106 1767 1293 1925 dras. Esta maldad, y traycion,
1385 1891 2539 2012 teouh, tinotlatocauh. No yoan in cē
100 1897 1299 2055 hizieron vrōs antepasados, que
1404 1962 2540 2088 ca tlaelittalonj, intla teutocanjme: y
112 2000 1280 2189 el nombre maraujlloso, que es
1403 2027 2534 2160 njtocatzin dios ipalnemoanj, intech
1393 2119 2546 2254 oqujtlalique, yn oqujchti, yn cioa:
113 2117 1330 2281 dios, el qual asola a diujnjdaa
1386 2224 2540 2349 in miqujnj, inpaianjnj, yn amo qua
97 2265 1271 2392 conujene, le aplicaron acosas
1394 2305 2523 2423 lli innemiliz, yn amo qualli in iollo
109 2363 1070 2521 baxas y idignissimas.
1406 2387 2557 2526 Jnjn catetzauhtlatlaçulli, in tlateuto
1411 2457 2540 2599 qujliztli, yn jntlachioal yn amota
175 2470 549 2589 co.
1391 2544 2568 2664 hoan, yn amoculhoan, in veuetque:
1106 2576 1181 2690 E
1393 2607 2361 2804 izcatquj yn jnnetlapololtiliz.
302 2670 480 2840 E.
1402 2805 2564 2930 B. Jn iehoantin in veuetque, oqujte
89 2806 1306 2986 B. llamaron dios a quetzalcoatl,
1409 2869 2573 3014 utocaque in quetzalcoatl, in tollan tla
115 2922 1289 3095 el qual fue hombre mortal y co
1387 2967 2539 3111 toanj catca: yoan anqujtocaiotiaia,
1391 3056 2553 3206 Topiltzin. Jnin camaceoalli, camjquj
94 3052 1280 3210 rruptible, que aunque tuuo
1396 3149 2552 3294 ni, caomjc, caopalan yn jnacaio, ca a
106 3156 1308 3346 alguna aparencia de virtud, se
1396 3226 2566 3388 mo teutl: auh maciuj in iec nemjlize
97 3274 1319 3451 gun ellos dixeron: pero fue ora
1394 3324 2544 3481 in tlamaceoaia, ca amo qujmoteu
122 3381 1317 3545 nigromantico, amjgo delos dia
1400 3423 2561 3581 tizquja: in tlein oqujchiuh, iuhqujn
91 3502 1282 3643 blos: y por tanto amigo, y muy
1407 3513 2546 3639 ma tlamauiçolli, ticmati ca çan tla
101 3588 1314 3784 famjliar dellos, digno de gran cō
1393 3607 2547 3733 cateculotlatoltica oqujchiuh: ca imjc
1395 3698 2501 3821 niuh in tlatlacateculo, icmonequj
113 3705 1292 3864 fusion, y de eterno tormento:
1387 3787 2521 3922 telchioaloz, tlaetittaloz: ca mjctlan oquj
110 3795 1305 3963 y no de que le festerasen, como a
