2518 4054
1215 45 1656 218 Al pendiz
175 211 1389 379 que este muchacho se orie, y viua:
1465 214 2486 424 manilica, maqujmontoca a
180 362 1344 476 no por cierto, porque somos indig
1462 384 2464 538 qujmonmati yn izcaltilo, inoa
187 450 1329 585 nos viejos, y viejas caducos: por
1451 472 2466 667 paoalo, in tepilhoan, auh va
178 517 1364 663 tanto humjlmente os rogamos, q̄
183 618 1388 760 le recibays, y tomeys por hijo, pa
1455 598 2469 777 hoantin injcnotepilhoan, ln
175 722 1330 847 ra entrar y biujr, con los otros
1435 724 2459 913 Noauauhtin ynjcno ocelo
179 817 1367 956 hijos, de principales, y otra gen
1433 851 2477 1035 Auh izcatquj mjc quicuea
177 942 1318 1047 te, que se crian en casa de tel
1422 985 2466 1151 ia tlatolli, injc tlananquilian
175 999 1387 1135 puchcali. Jlos maestros de los mu
171 1094 1364 1242 chachos, y mancebos: respondian
1428 1092 2484 1306 qujtoaia. Otlacauhquj inatla
169 1208 1346 1361 desta manera, diziendo alos pa
1426 1223 2478 1408 iollotzin açamean tictotlacauz
172 1306 1345 1431 dres del muchacho. Penemos, en
1417 1336 2478 1494 lilia in totecujo, in tlacatl ila
156 1402 1337 1538 mucha merced, por auer oydo,
164 1501 1313 1644 vrā platica, o razonamjento:
1411 1476 2487 1639 puchtli in toalli in ehecatl inica
163 1618 1343 1763 no somos nosotros, quj en se haze
1398 1620 2464 1835 vtzin, a, ca iehoatzin in anquzi,
156 1716 1324 1853 esta platica, o peticion: mas ha
1404 1750 2464 1955 motlatlauhtilia, in anqujtila
142 1800 1366 1928 zese al señor dios yaotl, encuya
1400 1887 2460 2074 nochilia ca iehoatl yn anq̄ua
136 1913 1322 2060 persona la oymos, el es aqujen
141 2014 1293 2168 hablays, y ael days, y ofreceys
1382 2009 2463 2187 momaquilia: in amocozquj ia
138 2128 1281 2262 a vrō amado hijo, avrā pie
1381 2131 2453 2297 amoquetzal, in amotlatlac
128 2202 1295 2330 dra preciosa; y pluma rica:
126 2313 1276 2437 y nosotros: en su nombre, le re
1380 2254 2455 2477 tililia, caçantequjtl ticcuz.
132 2408 1310 2550 cebimos: el sabe lo que tiene por
1399 2389 2446 2609 can yn anqujmomaqujla
127 2519 1304 2652 bien de hazer del, nosotros indij
1380 2565 2433 2710 in totecujo, cacan tictotlacu
127 2594 1299 2743 nos sieruos caduros, con dudosa
112 2730 1288 2842 esperança, esperamos: lo que se
1368 2677 2411 2894 lilio, quenie qujmonequj
111 2813 1255 2956 ra, y lo que, tenera por bien,
1362 2821 2437 3004 ca: auh quenqujmonequj
94 2912 1246 3069 de hazer, a vrō hijo, segun lo
1370 2948 2451 3118 tica: in iehoatzin totecujo, il
87 2998 1228 3146 que el tiene y a or deñado de
1371 3064 2451 3244 mocozquj, in amoquetzal, fia
86 3098 1270 3246 hazerle mercedes, conformē a
82 3224 1279 3333 su disposicion, y determjnacion,
1351 3186 2462 3358 nellimach intinentlamati ila
90 3324 1277 3453 que ante, del princio del mundo
1350 3322 2453 3540 macehoalti, hatlaiooaian, il
94 3418 1291 3576 de termjno de hazer: cierto igno
1344 3428 2461 3635 titlatoa, quence qujmomauli
90 3516 1265 3693 ramos, los dones:que le fueron
1346 3574 2447 3775 lilitica in totecujo, in tloque
77 3637 1232 3778 dados, y la propiedad, y condi
73 3749 1238 3888 cion, que entonçes le fue dada
1348 3719 2444 3926 naoaque, in piltzintli, que
1339 3811 2436 4014 chichioaloc, quennaoatiloc
