2720 4320
293 86 845 290 de la sangre
87 282 1279 449 lante de los demonjos, por su deruo
93 385 1292 522 cion, endias señalados, y hazian
93 462 1301 595 desta manera, si querian derra
84 551 1270 715 mar sangre, de la lengua, palsa
91 640 1302 782 uanla con vna punta de nauaja,
66 725 1249 893 Y por el agujero, que hazian, pa
82 806 1293 989 ssauan muchas pajas gruesas de
82 901 1285 1073 heno, segun la deuocion, de cada
79 1016 1253 1196 vno: algunos atauanlas, vnas
89 1110 1303 1277 con las otras, y tirauanlas, como
83 1231 1260 1380 qujen tira un cordel, passando
83 1310 1286 1497 las por el agujero, de la lengua:
94 1425 1293 1572 otros cada vna por si, sacauan
104 1525 1272 1676 cantidad dellas, y dexauan las
101 1625 1298 1807 alli, ensangrentadas, delante del
105 1732 1316 1916 demonjo, o en los camjnos, o enlos
111 1833 1312 2003 calpulcos. Lo mjsmo hazian, de los
102 1962 988 2118 braços, y de las piernas.
99 2827 1306 3008 Derramauan tambien sangre, los
108 2970 1294 3093 satrapas, fuera de los cues, por essas
111 3046 1320 3173 montañas, o cueuas, por su deuoci
99 3129 1292 3255 on de noche. hazian desta mane
117 3183 1291 3340 ra, que tomauan, que tomauan
102 3285 1311 3437 cañas verdes, y puntas de maguey:
96 3383 1301 3518 y despues de auerlas en sangrenta
117 3451 1309 3616 do, con la sangre, que sacaua de sus
98 3563 1342 3697 piernas, de cabe las espinjllas. Yuā
112 3647 1317 3758 de noche desnudos, alos montes, do
112 3736 1285 3863 de tenjan deuocion: y ansi en san
103 3822 1338 3946 gientadas, las dexauan alli, sobre
117 3901 1333 4012 vn lechuelo, de hojas de cañas que
123 3951 1338 4081 les hazian. Y esto hazian, en quatro
125 4020 1300 4184 deineo partes, segun la denocion
127 4094 559 4228 de cada vno.
1593 86 2663 289 que se ofrecian. foar2
1368 279 2527 447 ia, can no ipan in tlejn tonalli
1368 404 2534 565 in tlacoqujztiloia, auh canno
1368 515 2502 672 vjian aço inacazco, anoço
1362 637 2536 794 maqujn quinequiz in enepil
1356 741 2528 904 co, anoço imetzpan: auh injc
1370 861 2526 1063 qujcoionjaia in acaio iehoatl
1369 979 2544 1172 in vitzauhquj in itztli, auhic ni
1372 1098 2516 1288 man vncanquiqujstiaia in
1363 1234 2566 1386 tlacutl, anoço çacatl, auh injc
1381 1364 2530 1561 qujtilinjaia in inacaio mecati
1376 1475 2502 1650 ca injc vncan quiquistiaia
1384 1585 2545 1760 tlacutl injctlamacevaloia, auh
1378 1722 2542 1921 injcoac otlacuquistiloc, in muz
1384 1865 2567 2038 tlaioc tlachpanoia muchpana
1382 1977 2530 2174 ia in tlacutl yoan in cacatl cē
1382 2130 2515 2296 ca ezço, auh in muchivaia y,
1369 2238 2545 2427 ichan Diablo anoço vtli in vn
1378 2382 2251 2513 çan manj Diablome.
1610 2550 2328 2739 Nevitzmanaliztli.
1453 2740 2545 2963 in nevitzmanaliztli ic muchi
1399 2891 2559 3062 vaia concuja in acxoiatl yoan
1392 3014 2561 3219 contequja in mevitztli, auh
2024 3138 2127 3203 pal
1403 3134 2577 3339 quezvjaia ic qujmanaia inipā
1383 3262 2553 3429 acxoiatl, vme in vitztli novi
1385 3406 2593 3587 ian in aca açovccan anoço ex
1396 3530 2575 3697 çan in qujmanaia vitztli, anao
1395 3667 2523 3836 macuilcan çan teiollotlama.
1570 3871 2005 4033 Neçoliztli.
2536 4102 2627 4213 pō
