1962 2542
155 71 1970 199 Relacion del tañer: y quantas vezes tañjan en el templo, entre noche, y dia: que
172 148 1087 239 era como tañer, a las horas. fol. 134.
163 211 1778 307 Relacion de los exercicios, o trabajos, que auja enel templo. fo. 135.
163 269 1263 367 Relacion de los votos, y iuramentos. fo. 136.
166 346 1923 481 Relacion de los cantares, que dezian a honrra de los dioses, en los templos,
156 396 733 494 y fuera dellos. fol. 137.
167 474 1683 591 El cantar, que se dezia, en la fiesta de Vitzilobuchtli. ibidem.
168 536 1749 672 El cantar, que se dezia, en la fiesta, de Vitznaoac iautl. ibidem.
158 583 414 682 El cantar
426 589 1520 709 que se dezia, en la fiesta de tlaluc. ibidem.
165 650 406 734 El cantar
426 663 1959 791 que se dezia, en la fiesta de la diosa, que se llamaua, teteu inna
150 711 414 805 El cantar
427 739 1957 859 que se dezia, en la fiesta, de chimalpanecatl, y de tlaltecaoana
415 786 515 857 izo.
167 779 395 852 notl. fol.
160 832 404 902 El cantar
427 796 1974 954 que se dezia, en la fiesta de Ixcoçauhquj, dios del fuego. ibidem.
160 885 428 964 El cantar,
443 884 1596 993 que se dezia, en la fiesta de Mixcoatl. ibidem.
147 943 419 1027 El cantar,
443 945 1666 1060 que se dezia, en la fiesta de suchipilli. fol. 140.
157 1007 420 1093 El cantar,
434 1017 1666 1122 que se dezia, en la fiesta de suchiquetzal. ibidem.
149 1071 409 1153 El cantar.
425 1092 1613 1189 que se dezia, en la fiesta de Amjmjtl. ibidem.
152 1130 427 1225 El cantar,
433 1159 1954 1271 que se dezia, en la fiesta de Otuntecutli: dios de los otomjes. fol. .
153 1206 409 1286 El cantar,
433 1204 1644 1321 que se dezia, en la fiesta, de Aiopechtli. ibidem.
154 1255 416 1335 El cantar,
445 1260 1617 1379 que se dezia, en la fiesta, de cioacoatl. ibidem.
149 1320 407 1400 El cantar,
426 1315 1973 1472 que se dezia, en la fiesta, que se hazia, de ocho en ocho años fol.
149 1379 414 1447 El cantar,
429 1378 1588 1496 que se dezia, en la fiesta, de xippe. fol. 143.
149 1432 413 1508 El cantar,
428 1429 1767 1569 que se cantaua, en la fiesta de chicome coatl. ibidem.
146 1478 415 1567 El cantar,
423 1489 1950 1657 que se cantaua, en la fiesta del dios del vino, llamado totoch
156 1546 406 1612 ti. ibidem.
152 1596 408 1669 El cantar,
427 1557 1648 1695 que se cantaua, en la fiesta, de Atlaoa. ibidem.
139 1655 398 1740 El cantar,
420 1649 1836 1793 que se cantaua, en la fiesta de Macujlsuchitl. fol. 144.
147 1721 1918 1875 El cantar, que se cantaua, en la fiesta de liacatecutli, dios de los merca
158 1784 517 1861 deres. ibidem.
143 1809 1871 1958 Relacion, que habla de las mugeres, que serujan en el templo. ibidem.
426 1935 1244 2085 Sumario del tercero libro.
156 2049 1940 2201 Capitulo primeso, del principio, que tuujeron los dioses, y de sus fabulas. fo.
150 2174 1929 2265 Capitulo segundo, de la estimacion : en que era tenjdo, el dios llamado, Titla
142 2229 824 2337 caoan, o tezcatlipuca. fol. 7.
140 2300 1623 2379 Capitulo tercero, habla del dios, llamado, Quetzalcoatl. fol. 9.
138 2387 1925 2486 Capitulo quarto, como vinjeron, dos nigromanticos, y destruyeron aguetzal
150 2428 1302 2528 coatl: seños de tulla, y tenjdo por dios. fol. 19.
