2716 4204
742 72 1565 239 de las fiestas fixas
2434 85 2668 224 fo. 12
-5 211 2618 348 Alos cinco dias restantes del año queson los quatro vltimos de ene
15 352 2654 455 ro y el vrimero de hebrero llamauan Nlemontemj, que qujere derfisr dias
4 427 2663 580 valdios: y tenjan los por aziagos y demala fortuna: ay conjectura que
16 534 2635 651 quando agujerauan las orejas alos njños y njñas que era de quatro
17 622 2593 744 en quatro años, echauan seys dias de tlenontemj yes lomjsmo del bi
8 720 1948 858 sexto que nosotros haszemos de quatro en quatro años,
1110 837 1467 993 Capi. 19.
1829 977 2150 1149 A. 28
508 882 1854 1138 dstoscomcodias centaon tormat
723 1114 1851 1222 afortunados y aziagos: dezian que los
728 1182 1830 1292 que en ellos nacian tenjan malos sue
728 1257 1852 1358 cessos entodas sus cosas, veran pobres
1896 1284 1980 1403 b
2010 1286 2137 1417 ro
738 1319 1862 1425 ymjseros llamauan los Nemo, oi eran
508 1276 735 1427 2. B
718 1381 1869 1480 hombres llamauan los Nenoqujch, on
714 1441 1826 1556 era muger llamauala Nencioatl: no
729 1511 1848 1618 bsauan hazen nada en estos dias por
1993 1571 2142 1688 zo
506 1541 577 1684 ā
722 1574 1916 1682 zer mal afortienados: especialmente se.
725 1669 1873 1751 abstenjan de reñjr: porque dezian que
722 1719 1900 1819 los que reñjan enestos dias se quedaua
719 1788 1877 1917 ziempre con aquella costumbre: tenjan
1860 1799 2125 1967 d zi
488 1822 1856 1982 . O por mal aguero tropeçar enestos dias.
512 2051 2132 2272 Estas fiestas dichas eran fixas que hiempre se hazia den
495 2219 2097 2327 tro del mes oō vndia sodos adelante: otras fiestas tenjan
504 2302 2101 2399 moujbles que se hazian por el curgo de los vemte crgnos:
506 2386 2103 2482 los quales hazian vncirculo endozientos y sesença dlias:
507 2442 2095 2552 y por canto estas fiestas moujbles vn año cayan en vn
512 2504 1784 2631 mes yo tro en otro ysiampre variauan
770 2633 1868 2798 De las fiestas moujbles.
532 2792 2094 2923 aprimera fiesta morej ble se celebraua: a honrra
519 2889 2103 2995 del sol enel signo que sellama ce ocelutl, en la quarta ca
531 2977 2102 3070 sa que sellama naolin: enesta fiesta ofrecian ala ymagen
520 3048 2088 3147 ael sol codornjzes y iconsauan: y enel medio matauā
514 3133 2085 3227 captiuos delante della a honrra del sl. Enestemesmo
512 3178 2135 3287 dia se sangrauan todos de las orejas chicos y grades a hor
513 3249 1831 3376 ra del  yle ofrecian aquella sangre.
653 3361 1879 3563 Vasegunda fiesta moujble.
496 3535 2163 3668 Eneste mjsmo signo en la septima cada: hazia fiesta todos
515 3620 2142 3758 los pintores, y las labraderas ayunauā quareta dias, o tros
520 3703 2118 3777 veinte por al cançar ventura para pintar bien ypara
519 3782 2156 3877 texer bien labores, offrecian aeste proposito codornjzes,
518 3847 2151 3938 yencienso, y haziā otras cerimonjas los hombres al dios Chi
512 3911 2057 4016 come sochitl y las mugeres a la diosa Sochiquetzal
