1872 2684
95 -2 1790 131 Capitulo doze, que trata, de vnas fantasmas, que parecen de noche:
100 99 1080 207 que llaman tlacanesqujmilli. fol. 11.
90 184 1810 260 Capitulo treze, en que se trata, de otras fantasmas: que aparecian de
80 245 460 341 noche. fol. 12.
237 321 1519 492 Sumario de los capitulos del apendiz deste
640 426 1064 572 qujnto libro.
93 531 1075 665 Capitulo primero, del omjsuchitl. fol. 15.
95 615 1238 730 Capitulo segundo, del cuetlasuchitl. fol. ibidem.
94 704 1228 798 Capitulo tercero, de la flor ya hecha. ibidem
92 754 1226 859 Capitulo quarto, de los mahizes. fol. ibidem.
93 813 1765 954 Capitulo qujnto, de tecuencholhujliztli, qujere dezir, passar sobre al
100 918 456 1023 guno. fol. 16.
92 959 1818 1083 Capitulo sexto, de atliliztli, qujere dezir, beuer el menor, ante del ma
97 1064 412 1153 yor. ibidem.
84 1093 1344 1220 Capitulo septimo, de comjendo en la olla. fol. ibidem.
81 1166 1292 1284 Capitulo octauo, de tamal, mal cozido. ibidem.
92 1234 1025 1345 Capitulo nono, del vmbligo. fol. 17.
94 1284 1206 1404 Capitulo decimo, de la pre単ada. ibidem.
94 1362 1422 1499 Capitulo. 11. de la casa, de la rezien parida. ibidem.
86 1453 1236 1558 Capitulo duodecimo, de terremoto. ibidem.
91 1493 1222 1638 Capitulo tredecimo, del tenamaztli. fol. 18.
96 1553 1797 1687 Capitulo decimo quarto, de la tortilla, que dobla en el comal. ibidem.
97 1664 1293 1755 Capitulo qujnze, del lamer el metlatl. ibidem.
92 1738 1539 1830 Capitulo deziseys, del que esta arrimado al poste. fol. 19.
90 1823 1519 1887 Capitulo dezisiete, del comer estando en pie. fol. ibidem.
94 1895 1703 1981 Capitulo deziocho, del quemar, de los escobajos del mahiz. ibidem.
97 1963 1445 2044 Capitulo dezinueue, de la muger pre単ada. ibidem.
94 2029 1379 2107 Capitulo veynte, de la mano, de la mona. fol. 20.
84 2110 1510 2186 Capitulo veynte y vno, del majadero, y comal. ibidem.
90 2160 1358 2256 Capitulo veynte y dos, de los ratones. fol. ibidem.
90 2243 1292 2328 Capitulo veynte y tres, de las gallinas. fol. 21.
92 2309 1296 2414 Capitulo veynte y quatro, de los pollos. ibidem.
92 2374 1632 2473 Capitulo veynte y cinco, de las piernas de las mantas. ibidem.
96 2437 1182 2539 Capitulo veynte y seys, del granizo. ibidem.
