2658 4198
223 77 704 264 del dios
45 281 1172 465 hablar al rey quetzalcoatl: y le di
55 420 1178 537 xexon. Anda vete viejo, que no
54 508 1190 633 le puedes ver: porque esta enfer
63 567 1196 724 mo, y le daras enojo, y pesadum
52 663 1199 794 bre: y entonces dixo, el viejo. Yole
48 774 1136 916 tengo de ver: y le dixeron sus
54 847 1228 1008 pages del dicho quetzalcoatl. Aguar
58 949 1175 1097 daos, dezirse lo emos: y ansi fue
62 1041 1167 1181 ron adezir, al dicho quetzalcoatl,
72 1151 1188 1288 de como venja vn viejo a hablar
72 1272 1194 1379 le diziendo. Señor vn viejo a ve
77 1353 1190 1506 njdo aquj, y qujere os hablar, y
69 1459 1190 1612 ver: y echauamos le fuera, pa
89 1568 1191 1720 raque se fuesse, y no qujere dizi
74 1691 1206 1842 endo: que os adeuer, por fuerca.
89 1777 1223 1917 Jdixo el dicho quetzalcoatl, entre
99 1889 1190 2038 se aca, y venga, que le estoy
103 1960 1209 2132 aguardando a muchos dias: y lue
106 2083 1218 2251 Ellamaron al viejo: y entro el
123 2197 1180 2341 deho viejo, adonde estaua el
105 2296 1195 2452 dicho quetzalcoatl: y entrando
116 2393 1217 2547 el dicho viejo, dixo. Señor hijo
103 2479 1206 2652 como estayst: aquj traygo vna
83 2604 1199 2762 medicina, paraque la beua
76 2694 1255 2874 E. Y dixo, el dicho quetzalcoatl,
100 2806 1217 2974 res pondiendo al viejo: en hora
90 2922 1239 3110 buena vengays vos viejo, ya
105 3048 1217 3214 muchos dias ha, que os esto y
108 3145 1174 3347 aguardando. y dixo el viejo,
107 3291 1208 3467 al dicho quetzalcoatl. Señor co
109 3378 1221 3557 mo estays, de vuestro cuerpo
90 3487 1256 3680 y salud. Y respondio el dicho que
104 3618 1246 3772 tzalcoatl diziendo al viejo. Estoy
110 3720 1239 3886 muy mal dispuesto, y me duele
114 3844 1251 4023 todo el cuerpo: y las manos y los
1487 53 2187 277 que tzaleoatl
2335 123 2592 254 fi. 11.
1273 260 2426 436 tzavi, quilmach veuento ipan
1260 376 2456 546 mocuey, ipan mixeuh, ipamo
1271 494 2488 681 quixti, ovelcoliuh, ovel quaiztaz
1271 631 2432 786 ocomo, quaztapaton, njman
1264 725 2531 901 ieic iauh incha in quetzalcoatl:
1259 856 2488 1044 ino onia, njman ie ic quiteilhuja
1270 987 2447 1174 nicnoltiliznequi in tlacatl que
1283 1118 2462 1298 tzalcoatl: njman qujlhuique,
1281 1260 2437 1435 nepa xiauh veventone, moco
1291 1366 2466 1515 coialtia in tlacatl, ticamanaz,
1290 1500 2498 1698 njman njmanqujto invevēto,
1292 1637 2482 1804 ca amo canicmottiliz, ca itechm
1288 1752 2478 1925 naxitiz, quilvique, ca ie qualli
1301 1894 2497 2073 ocxicchia, tlaoctictolviliti, auh
1297 2042 2477 2248 njman ie ic qujnonotoa in que
1314 2169 2500 2372 tzalcoatl quilhuia, nopiltzintzi
1307 2338 2498 2545 ne, aquinovalla vevento mjtz
1311 2474 2499 2671 motilico iuhquimopevilma, iuh
1320 2620 2482 2795 qujnamotlaçalma, in tictotoca
1306 2783 2544 2917 canjmanamoiaznequi, quitoa
1325 2886 2547 3092 caçamemottiliz in tlacatl, njmā
1319 3017 2521 3260 qujto in auetzalcoatl: maoal
1304 3170 2519 3346 iauh, maoalcalaqui, ca ieho
1323 3327 2546 3478 atl in njechia in ie macuil inie
1317 3481 2531 3646 matlac, njman ic concalaqui
1329 3605 2484 3791 que ipan in quetzalcoatl:
1310 3783 2485 3922 in vevento, njman ieic qui
2460 4038 2569 4138 rir
