2442 3928
326 -2 935 149 libro. E
111 216 1262 377 gran tientos, que no hiziessen
106 313 1262 521 alguna disonancia: los que y
111 439 1255 586 uan en la delantera, que era
100 561 1243 698 la dente mas exercitada en
105 663 1241 809 la guerra, lleuauan echado
114 775 1251 938 eibraço por la cintura de la
114 892 1260 1079 mugex, como abraçandola: los
122 1016 1271 1170 otros que no eran tales, no te
115 1106 1254 1256 njan li cencia de hazer esto
109 2459 1222 2583 Ala puesta del sol, cesaua este
101 2558 1239 2719 areyto, y se yuan todos para sus
102 2669 1226 2807 casas: lo mesmo hazian, encada
99 2763 1225 2923 casa, cada vno delante de sus
104 2875 1231 3052 dioses: auja gran ruydo, ento
109 2993 1233 3167 do el pueblo, por razon de los
116 3080 1231 3287 cantares, y del tañer de cada
100 3208 1229 3368 casa. Los viejos, y viejas, be
102 3331 1264 3495 ujan vino, y enborrachauanse:
96 3449 1277 3631 y renjan, vnos con otros a vozes:
93 3572 1244 3746 y otros se jactauan de sus va
103 3659 1244 3845 lentias, que aujan hecho, quā
1476 -2 2325 159 de las cerimonjas.
1366 206 2359 364 tech, yn itlan manj. Auh
1378 326 2418 460 ynic mjtotia, amo chocholoa
1360 432 2387 562 amo no ontlayiaoa, amo
1346 531 2368 682 ontlayiauhtiuj, amo mo
1351 653 2380 802 tlatlaztiuj, amo momaito
1347 757 2395 935 titiuj, amo mopapachoa,
1348 880 2371 1023 amo momamalacachoti
1351 997 2389 1167 uj, amo aujc onviuj, amo
1341 1111 2384 1279 tzitzinqujca: çan yujian
1338 1259 2386 1411 çan matca, çan tlamach
1342 1381 2399 1531 yn iatiuj, yn mjtotitiuj: ce
1326 1466 2398 1641 ca çan eoamantiuh, coano
1347 1577 2341 1767 tiuh in netotiliztli, aiac
1334 1710 2393 1873 tlaolinja, aiac tlaamana
1343 1829 2377 1999 aiac tlepeionja, aiac tla
1331 1947 2405 2124 ixneloa. Auh in cioa in q̄n
1335 2070 2404 2215 naoa, çan iehoantin in ve
1334 2181 2390 2333 uey tiacaoan. auh in can
1335 2297 2380 2462 tiachcaoan, amo no iehoa
1333 2399 2393 2581 tin, amo qujnnaoaia fiuh
1325 2540 2399 2675 innecaoalo innetotilo, ca a
1340 2648 2401 2808 chi tonatiuh, ie oncalaquiz
1324 2777 2389 2926 tonatiuh, cecenmanoa vi
1324 2887 2380 3034 ujloa. Auh in noujan cal
1329 2994 2395 3177 pan, cujcujco, qujncujcuj
1330 3124 2399 3289 catia yn inteteuoan; yna
1338 3258 2402 3404 co omacatl, anoço chicomo
1331 3369 2392 3525 coatl, anoço hecatl, anoço
1317 3486 2407 3635 coatl xoxouhquj, nanachio
1311 3608 2395 3750 in cujco, quitzacutimanj, i
1322 3696 2395 3842 cujco, tlacaoacatimanj, tlalco
