2696 4368
513 134 938 284 libro. 1.
65 308 1250 467 este, tenja cinco hermanos, y vna herma
62 407 1262 540 na: y atodos los tenjan, por dioses: ycomo
64 480 1253 624 se inclinaua, su deuocion, sacrificauā
64 539 1259 670 esclauos, acada vno dellos, en su fiesta, o
57 619 1277 742 atodos juntos: o ala hermana. El vno de
52 693 1284 827 los hermanos, se llamaua chiconqujaujtl,
65 771 1277 911 elotro, xomocujl, el otro nacxjtl, el otro
61 849 1290 980 cochimetl, el otro acapitzaoac: la herma
61 917 1284 1046 na se llamaua, chalmecacioatl. A estos,
61 1004 1281 1155 o alguno dellos, ofrezian esclauo, o mas: sa
68 1078 1280 1201 crificandolos, en su presencia, vestidos co
48 1156 1309 1280 los ornamentos, de aquel dios: como si fue
48 1226 1257 1399 sse su ymagen. Auja vna feria ordina,
65 1316 1268 1434 ria, donde se vendian, y comprauan es
58 1379 1261 1524 clauos, hombres, y mugeres, en vnpue
53 1460 1256 1629 blo, que se llama azcaputzalco, que es
63 1525 1281 1705 dos leguas, de mexico: alti los yuan, a
69 1622 1296 1786 escojer, entre muchos. Y los que compra
86 1687 1316 1839 uan, mjrauan muy bien: que el escla
83 1765 1319 1923 uo, o esclaua, no tuujesse alguna emferme
67 1833 1303 2006 dad, o fealdad, enel cuerpo. A estos escla
67 1918 1316 2077 uos, hombres y mugeres: despues que los
81 1998 1323 2180 compravan: criavanlos, en mucho rega
71 2101 1309 2226 lo, y vestianlos muy bien: dauanlos a
74 2145 1316 2331 comer, y beuer, abundantemente; y ba
76 2248 1263 2417 ñavanlos, con agua caliente: de mane
96 2279 1328 2489 ra que los engordauan, porque los aujan
95 2363 1298 2542 de comer, y ofrezer a su dios. Tambien
90 2442 1336 2623 los regozijavan, haziendolos cantar, y dan
103 2513 1362 2682 car: alas vezes, sobre el açotea, de sus casas:
103 2590 1335 2763 o enla plaça: cantauan todos, los canta
104 2672 1349 2842 res, que sabian: hasta que se hartauan
97 2719 1343 2909 de cantar: y no estimauan en nada, la
112 2797 1338 2989 muerte que les estaua aparejada. Ma
114 2858 1369 3079 tauan, estos esclauos, en la fiesta, que se lla
110 2958 1365 3135 ma, panquetzaliztli: y todo el tiempo, an
116 3011 1378 3212 te de llegar, aquella fiesta, los regalava:
122 3096 1357 3273 como esta dicho. Y si entre, estos esclauos,
132 3159 1355 3352 auja algun hombre, que parecia de bu
136 3230 1366 3433 en juyzio, y que era diligente, para ser
138 3313 1353 3506 ujr, y sabia bien cantar: o alguna mu
122 3372 1325 3579 ger, que era dispuesta, y sabia bien
134 3464 1340 3643 hazer de comer, y de beuer, y labrar
126 3525 1319 3737 y texer: aestos tales, los principales, los
135 3598 1375 3806 comprautn, para serujrse dellos, ensus
140 3680 1327 3872 cajas: y los escapavan, del sacrificio.
146 3773 1322 3931 Laymagen deste dios, se pintaua, co
145 3822 1341 3997 mo vn yndio: que yua camjno, con su
150 3920 1353 4050 bacculo. Y la cara tenja manchada de
136 3993 1344 4127 blanco, y negro: en los cabellos, lleuaua
133 4054 1367 4194 atadas, dos borlas, de plumas ricas, que
114 4223 181 4344 l
1524 110 2149 268 de los dioses.
1370 314 2592 486 mictizque, yn ipan panquetzali:
1365 426 2618 602 tli: yn vncan ilhujqujxtililoia vi
1381 547 2626 745 tzilubuchtli: yquac qujnchichi
1388 679 2573 862 oaia, qujntlamamaca, intech
1387 809 2614 1004 qujtlalia yn juhquj ynechichi
1387 942 2587 1162 oal yiacatecutli. Auh yna
1375 1092 2699 1278 iamo, qujnmjctia, achtopa qujn
1388 1251 2700 1463 teittitiaia: mjtoa qujmjxnextia,
1396 1446 2667 1600 ic qujtemachitia in tealtizque:
1388 1555 2671 1765 iquac tetlauhtia, tetlaqualtia.
1393 1700 2585 1920 Auh yn jtlaaltilhoan, ieccan
1396 1866 2634 2088 qujnquetza: much tlaçotilma
1397 1995 2613 2217 tli, yn jntech qujntlalilia: ipā
1399 2142 2626 2372 mjtotiaia in tlapanco, anoço ti
1402 2303 2679 2523 anquizco: cujcatinemj, tlatlah
1393 2468 2640 2666 tlamj yn jncujc, ynjc momi
1425 2587 2671 2814 quizquequeloa. Auh intla aca
1422 2736 2678 2934 oittoc, in cenca mjmati tlaaltilli,
1427 2903 2622 3114 yn cujcamatinj, in iolizmatquj
1445 3011 2642 3269 yn jxe, yn iollo: qujqujxtiaia in
1439 3177 2657 3383 pipilti, ipan tlacaquetzaia: no
1447 3291 2636 3528 iuhquj, intla cioatl, intla tla
1450 3445 2639 3630 machiuhquj, anoço vellaqual
1437 3587 2649 3780 chioa, vel achioa, in qualli yia
1449 3715 2622 3894 uh, in qualli intlaqual ymac
1451 3863 2665 4031 qujça; vellatolmelaoac: no qujx
1446 3958 2649 4143 tiloia, qujnmotlacacioaoatiaia in
