2408 3622
544 24 929 191 del libro.
146 221 1147 364 carne, quando se cueze, y se pega
146 328 1119 446 ala olla, dezian: que elque co
116 415 1149 535 mja aquel tamal pegado, si era
134 502 1144 630 hombre: nunca bien tiraria en
118 583 1150 738 la guerra las flechas, q̄ su mu
113 662 1117 833 ger nunca pariria bien: y si
129 766 1165 930 era muger, que nunca bien pa
116 868 1138 1017 riria, que se la pegaria el njño
112 1015 384 1121 dentro.
85 1725 1081 1892 Capitulo nono, del vm
92 1855 282 2013 lligo.
64 2040 1139 2177 Otra abusion tenjan: quando cor
100 2131 1090 2262 tauan el vmbligo a las criatu
74 2231 1090 2376 ras, rezien nascidas. Si era vā
72 2301 1107 2453 ron, dauan el vmbligo a los sol
71 2405 1089 2548 dados: para que le lleuassen al
72 2506 1074 2661 lugar, donde se dauan las ba
61 2613 1081 2733 tallas, dezian: que por esto se
61 2700 1091 2848 ria muy aficionado a la guer
45 2804 1060 2937 ra el njno. Y si era muger
61 2867 1063 3041 enterrauan le, el vmbligo, cer
56 2973 1069 3131 ca del hogar, i dezian: que
54 3055 1046 3249 por esto seria aficionada ce
50 3158 1084 3356 estar en casa: y hazer las cosas,
36 3306 1105 3471 que eran menesterpara comer.
1313 87 1405 188 5
2182 157 2334 255 fo. 12
1241 230 2281 371 amovel qujquazque, in oqujch
1229 340 2280 460 tin, ioan cioa: qujlmach intla
1247 424 2269 533 qujquazque toqujchti, amo ax
1229 504 2259 624 can inqujçaz mjtl, injc qujmj
1216 596 2241 706 nazque iauc: auh anoce ic mj
1223 688 2258 833 qujz, yoan aiaxcan tlacachio
1226 773 2239 906 az in jnamjc. Auh canie no y
1228 866 2211 988 uhquj in jtechpa cioatl: in tla
1201 962 2223 1099 qujquaz ixqujuhquj tamalli
1211 1064 2211 1167 amovellacachioaz: çan itech
1193 1164 2226 1282 ixqujviz in jconeuh, ic mjqujz
1205 1261 2203 1390 mijti: ipampa cenca qujte
1206 1357 2226 1482 caoaltiaia intenanoan, injc
1205 1466 2203 1593 amo moquaz, in jxqujuhquj
1189 1549 1495 1666 tamalli
1187 1700 2191 1882 Injc chicunavi capitulo, y
1192 1835 2035 1987 techpa tlatoa in toxic.
1186 1985 2250 2153 Iniquac qujnxictequja pipiltoton
1184 2138 2196 2238 ti: no oncatca in netlapololtiliz,
1186 2197 2227 2313 Intla oqujchtli ixic, veca incon
1186 2287 2224 2411 tocaia: vmpan iaue, tetech conpi
1181 2376 2160 2483 loaia, qujtqujia in tiacaoan
1181 2453 2208 2541 auh in tlaiaoc matini teta, ieho
1174 2524 2172 2635 atl concaoaia: vmpa contocaia
1165 2612 2214 2742 in iaunepantla, qujlmach: iave
1166 2701 2189 2815 matinj ez in tlaveijaz. Auh
1166 2789 2161 2916 in tlacioapiltontli ixic: çan ne
1150 2879 2209 3029 tlecujltenco in contocaia, qujl ma
1157 2967 2210 3107 ch ipampa: yn çan cali ynentla,
1142 3061 2174 3193 in çan ie ixqujch qujmocujtla
1160 3156 2169 3278 via atl, tlaqualli, metlatitlan
1136 3254 2198 3384 nenemj: ipampa yn, can calitic
1144 3343 1733 3452 contocaia in jxic.
