2620 3936
409 21 937 226 del libro.
34 214 1072 420 Capitulo sexto, de lo
40 362 1064 569 castigos que hazian a
52 485 1084 690 los que se emborracha
51 681 240 795 uan.
55 820 1109 1038 Los mancebos, que se criauan,
67 1002 1107 1133 enlacasa de telpuchcali tenjancar
67 1084 1105 1216 go de barrer, y limpiar la casa: y
74 1177 1108 1327 nadie beuja vino, mas solame
70 1285 1126 1424 te, los que eran ya viejos, beujan
76 1371 1117 1526 ei vino, muy secretamente: y be
79 1474 1147 1623 njan poco, no se enborrachauan.
71 1577 1125 1740 ssi parecia vn mancebo, borra
90 1691 1151 1845 cho publicamente, o si le topauan,
96 1785 1171 1931 conel, ole vian caydo, en la calle,
114 1912 1156 2035 o yua cantando, o estaua acom
122 1984 1142 2139 añado, con los otros borrachos:
127 2091 1143 2232 este tal, si era macegual, castiga
122 2179 1148 2352 cianle, dandole de palos, hasta
127 2268 1167 2466 matarle: o le dauan garrote, de
117 2398 1179 2571 lante de todos, los mancebos jū
104 2500 1189 2690 tados, porque tomassen, exemplo
104 2618 1180 2760 ymjedo, de no emborracharse.
107 2717 1177 2862 Jse era noble, el que se emborra
116 2795 1146 2985 chaua, dauanle garrote secre
125 2890 1194 3091 tamente: y estos mancebos tas
124 2998 1201 3178 njan sus amigas, cada dos, g
129 3116 1198 3289 tres, la, vna tenjan, ensu ca
126 3232 1217 3398 r y las otras estauan ensus
144 3310 1240 3528 uas: J qujen gueria salir dela
153 3412 1251 3597 casa de telpuchcali, y dexarla
146 3519 1201 3687 conuersacion de los mancebos,
137 3624 1237 3764 pagaua alos maestros de los mā
158 3704 1270 3907 cebos, diez. o veynte mantas gra
454 3832 498 3923 c.
2077 22 2383 135 fo. 34.
1238 18 1369 161 zc
1132 140 2297 387 Jnjcnbi Capitulo: vncan
1137 273 2281 470 motoneoa in tetlatzacuistiliz
1140 389 2297 591 tli, in tetlamaceoaltilizztli, ynjc
1142 527 2269 769 qujntlatzacuiltiaia, in quac
1172 641 2143 826 aca telpuchtli tlaoanaia,
1162 802 2301 1010 Jnjc nozcaliloia telpuchcali, cē
1172 938 2285 1124 canecujtlavilo, in necnpanoaztli,
1180 1034 2339 1240 njman aiac quja, in vctli, auh
1186 1175 2302 1362 in ievel oqujchti, inechicaoaque
1195 1294 2315 1457 cenca vel motl atiaia in quja
1206 1393 2313 1583 vctli, cenca motlatiaia, çan
1206 1546 2328 1717 njman amo tricpan, in qujaa.
1211 1667 2367 1811 vel ichtaca: amono quexqch
1214 1764 2345 1967 inquja; auh in tlaittoiahaca
1215 1879 2345 2114 tolpuchtli tlaoona, in jtto inatue
1235 2010 2380 2200 tlicanamjco, anoço vetztoc ano
1242 2112 2368 2357 çoquica, anoço cana teoan tla
1246 2233 2404 2425 oanfica itto, njmanicanecenlia
1256 2374 2404 2560 lilo, ica nenechicolo: auhicama
1268 2494 2390 2679 viztli vetzi, in tlacanmaceoalli,
1284 2616 2383 2818 anoço çacat aqjthti. toixpan
1276 2756 2434 2916 viviteco; quautztica vetziquauh
1295 2858 2401 3031 tica in quj, aneço mecatl qui
1304 2974 2404 3159 iecultia. auh in tlatlacopilli ich
1311 3103 2432 3281 taca qujmecanja: auh in ique y,
1329 3200 2404 3394 felpupuchti onome, ie ey injn
1333 3319 2479 3491 meçaoanioncatca, acocevel ichā
1323 3434 2464 3648 inca, aço quetzqujntin chaiaoa
1319 3559 2436 3772 toque: auh in quac qujlhuja
