2708 4090
520 25 1378 250 Del Libro.
1486 53 1686 266 q̄o
1474 211 2628 376 y mucha dlela otra gente popri
49 207 1454 375 pas, y todos los mjnjstros de los idolos,
41 347 1444 467 lar, porque es cosa facil, y toca atodos.
1433 332 2638 484 Empero la cuenca dela arte adi
50 463 2660 581 ujnatoria, alaqual falsamente llama calendario, escuenta por zi, pol
49 547 2632 693 que su fin, se enderesza aadiujñar las condiciones, y sucessos, delos
46 658 2646 801 que nacen encada signo, o caracter, esta cuenca sabian la solamē
46 780 2653 893 te los achujnos, y los que tenjan abilidad, para deprenderla porque
42 853 2645 997 con tiene muchas dificultades, y obzcuridades: y aestos que sabiāē
40 959 2662 1118 esta cuenta, llamauan los. tunal pouhque y tenjanlos en mucho y hon
58 1079 2636 1249 rauan los mucho : tenjan los como propheças, y sabidores de las cosas fue
47 1171 2572 1339 turas, y ansi acudian aellos, en muchas cosas, como antiguam ente los
39 1326 2633 1462 hijos de ssrael, acudian a los propheças, dize este: que los meses, son ve
40 1403 2643 1514 inte en vn año, y no esvardad, por que noson mas de deziocho: dize
39 1487 2657 1663 ansimjsmo, que las semanas, son detreze dias, yno es verdad: porque
41 1623 2648 1760 no son mas de acinco dias, y anssi sonquatro semanas so por mejor, de
51 1719 2628 1831 zir qujntanas en vn mes: los treze dias, aquefalsamente llama se
52 1823 2642 1984 mana, no son, mo el numexo dedias, que reynaua cada vno de los ve
31 1901 2625 2091 inte caracteres, desta arte adiujntorca, como esta claxo, en el quarto
26 2037 2626 2208 libro precedente, que tracta desta axte adiujnatoria. Di gueze la ta
41 2125 2620 2309 bla ymanera de concar, que tenjan los adiujnos, onesta axte.
733 2458 1381 2717 Al lector
26 2831 2646 3065 Esta tabla, que esta frontera Amjgo lector, es sacuenta de
26 2989 2599 3153 los caracteros, o signos de que en este quarto libro auemos tracta
40 3087 2641 3285 dola qual procede por esta orden, que primeramente seponen
37 3219 2596 3374 vennte caracteres, y junto aellos jus nombres, y despues dellos se
32 3304 2577 3439 yonen los dias, en que reinan por cifras del alguarismo: y co
44 3428 2599 3569 mjença vno, dos, tres, et. El caracter donde esta iunto el vvno
34 3557 2629 3688 o frontero del, es el que reina aquellos treze dias, o comjença ze
26 3641 2628 3810 acontar desde arxipa hazia abaxo:  llegando atresze luego bu
40 3766 2612 3906 elue avno, y el caracter enfrente de qujen esta aquel vno, es iel
20 3863 2594 4044 que rena los treze dias que se siguen: yansi de todos los demas
