2642 4106
604 -1 1087 165 del libro.
72 189 1172 337 que se llama popotlan, que esta
60 285 1188 437 cerca la yglesia de tlacuba, donde
59 374 1146 518 esta agora la yglesia de sanci
37 460 1161 610 cesteuan: y hazianle otro recibi
63 534 1173 695 mjento, como el de arriba dicho.
44 626 1184 754 Lleuanan todo este camjno delan
60 717 1185 883 te desi esta procesion, vna vande
59 815 1170 962 ra: hecha de papel, como mus ca
50 907 1166 1066 dero, y toda agujerada: y en los
67 1002 1161 1148 aguexos, vnas pellas de pluma,
62 1100 1184 1250 bien assi como quando se haze,
60 1205 1179 1359 la procesion, que va la cruz de
56 1294 1167 1457 lante: de alli, venjan derechos,
66 1412 1172 1564 alçu de vitzilobuchtli, y con el
67 1517 1194 1676 pendon: hazian vna cerimonja,
69 1594 1203 1743 como esta arriba dicho, enesta fies
74 1689 1189 1859 A. Lo demas desta fiesta, esta es
77 1805 1179 1956 crito, en el mes de panquetzaliz
74 1925 186 2033 tli.
1039 1933 1114 2074 q̄
246 2032 567 2186 coj, A
490 2295 639 2438 d ub
76 2499 1200 2666 Relacion de la fiesta, que
71 2614 1153 2769 se hazia de ocho en ocho
71 2760 269 2877 años.
69 2857 1227 3000 Razian estos naturales vna fiesta
74 2969 1237 3101 de ocho en ocho años: ala qual llama
77 3065 1200 3194 uan atamalqualiztli, que qujere
84 3139 1195 3293 dezir: ajuno de pan y agua, nin
70 3231 1202 3382 guna otra cosa comjan, en ocho di
69 3341 1207 3470 as, sino vnos tamales, hechos sin
74 3424 1234 3569 sal: nj beujan otra cosa, sino aguā
74 3520 1213 3661 clara. Esta fiesta, algunos años,
69 3606 1237 3759 caya en el mes que se llama quecho
79 3684 1216 3812 lli: y otras vezes enel mes, que se
75 3770 1230 3914 llama tepeilhujtl: ante desta fiesta
1286 42 1423 150 .
2367 51 2582 165 fo. 108.
1234 225 2455 324 Auh njman ie ie vmpeoa, onaciin
1235 283 2444 397 popotlan, çan noiuhqujnamjga
1214 374 2456 479 in maceoalli, qujtlenamaqujlia.
1231 452 2506 570 yoan miec costit qujcotonaca. Auh
1229 558 2447 664 njman ie nocuel vmpeoa, vmpa
1220 616 2446 743 onaci in chapcltepec, çan no iuh
1233 705 2426 862 qujnamjquj in maceoalti, quj
1240 786 2466 936 tlenamaqujlia: yoan miec çolin
1226 911 2452 1050 qujcotonjlia. Niman ie ic vmpe
1247 981 2426 1120 oa onaci intepetocan: noquj
1239 1068 2440 1219 namjquj in maceoalli, qujtle
1225 1166 2447 1328 namaqujlia, yoan no mjec co
1218 1240 2471 1410 lin qujcotona. Niman ie ic oal
1230 1363 2491 1524 peoa, valaci in vncan acachina
1241 1423 2493 1603 co: no qujnamjquj in maceoalti,
1254 1520 2508 1706 qujtlenamaqujlia, no mjec colin
1255 1610 2495 1808 qujcotona. Niman iecc oalpeoa
1243 1739 2460 1883 in machiotl, auh yn oacico inr
1255 1800 2475 1961 machiotl, njman ie ic tleco, ynjc
1245 1895 2461 2072 pac coatepetl: in vmpaca vitzi
1260 1971 2472 2134 lobuchtli: auh yn otlecoc, njmā
1259 2065 2451 2227 ie ic conteca, in ezpanjtl, yno
1256 2178 2454 2360 tlaiaoalo: njman ie ic oaltemo.
1268 2380 2495 2647 Nican mitoa, yn ilhujtl: in
1266 2535 2486 2755 chichicuexiuhtica muchioa
1276 2721 1414 2832 .
1267 2823 2481 3026 Auh yn atamalqualiztli, chicue
1260 2980 2449 3125 xiuhtica in muchiuhtiuja: in
1263 3055 2498 3243 quenmanjan ipan in muchioa
1271 3172 2455 3345 ia quecholli: auh anoço quen
1274 3250 2493 3425 manjan ipan in tepeilhujtlmu
1291 3368 2440 3549 chioaia. Chicomjlhujtl, in ne
1295 3483 2521 3635 caoaloia: çan tlapactli atama
1286 3585 2501 3751 lli, in moquaia, amo chillo, a
1293 3720 2509 3834 mo iztaio, amono tequixqujo,
1299 3789 2515 3922 amono tenexio: auh tlacatla:
