2158 3544
1290 52 1859 230 del libro. E.
524 70 939 236 Apendiz.
121 243 2095 355 del signo chicunauecatl: ymatauanlos mjlhujtl: ipan xilomanjztli, ata
129 339 1140 439 ala media noche, en la fiesta de xilo
1172 352 2070 463 ço atl caoalo: no cexiuhtica.
121 402 1156 520 maniztli, o en la fiesta de atl caoalo:
129 473 796 593 esto se hazia cada año.
1233 422 1634 591 Chililico.
116 536 1118 682 El quadragessimo septimo edificio, se
1158 534 2114 692 Inehililico: vncan miquja intla
123 632 1144 722 llamaua chililico: era vn cu, donde
1168 626 2116 754 tlaltilti in chicunauhecatl, iooalta
115 702 1129 800 matauan los esclauos, en el signo de
1161 713 2115 856 pantla: auh cexiuhtica in vncan
125 762 1113 870 chicunauecatl: matauanlos ala me
124 825 1135 907 dia noche, solos los señores, dauan
1176 783 2107 958 mjquja tlatlaltilti: auh çantla
129 901 1126 989 los esclauos, que aquj murian. Esto
1165 894 2121 1041 toque in vncan tealtiaia, çanto
129 956 1067 1065 se hazia, en la fiesta, de atl caoalo.
1170 1001 1764 1134 ipan in atl caoalo.
1228 1098 1647 1267 Cooaapan.
111 1122 1110 1287 El quadragessimo octavo, edificio, se
1160 1171 2096 1343 Incooaapan: vncan maltiaia
120 1246 1129 1356 llamaua Cooaapan: esta era vna fu
1167 1268 2109 1430 in cooatlan tlenamacac, çanquj
122 1314 1136 1438 ente, donde se banaua el satrapa que
122 1380 1117 1485 ministraua enel cu, que llamauan
1165 1365 2114 1511 mjxcaviaia, aiac occe vncan ma
127 1455 1109 1578 coatlan: y n inguno otro alli se baña
1175 1491 1349 1629 tiaia.
122 1519 582 1625 ua, sino solo el
1229 1613 1639 1761 Puchtlan.
125 1678 1132 1802 El quadragessimo nono edificio, se lla
1207 1677 2105 1878 npuchtlan: vncan onoca intla
122 1772 1128 1867 maua puchtlan, era vn monesterio
1172 1737 1218 1881 l
119 1829 1148 1944 donde estauā los mjnistros y satrapas,
1178 1786 2116 1953 namacaque, in ontletemaia, in
104 1898 1128 2003 que ministrauan enel cu, donde es
1162 1877 2116 2042 ontlenamacaia, vmpa iicpac yiaca
123 1955 1134 2048 taua la estatua, de yiacatecutli, del
1170 1949 2125 2123 tecutli iteupan: çan mumuztiāc:
127 2026 1121 2141 dios de los mercaderes: mjnistrauā
120 2084 800 2199 alli, de dia y de noche.
1240 2145 1644 2293 Atlauhco.
110 2208 1110 2388 El qujncagessimo edificio, se llama
1169 2214 2095 2414 In atlauhco: vncan onoca, vn
127 2336 1130 2440 ua atlauhco: este era vn moneste
1172 2334 2078 2479 çan nenca in tlenamacaque,
119 2402 1119 2499 rio, donde morauan los satrapas, y
1162 2396 2093 2561 vmpa ontletemaia, ontlenana
124 2455 1094 2585 ministros, que ministrauan en el
134 2525 1101 2633 cu, de vitzilinquatec, vna diosa,
1156 2483 2095 2669 caia, in ijcpac vitzilinquatec
120 2602 665 2730 de dia, y de noche
1160 2591 2075 2747 teupan: çan no mumuztlae.
1271 2723 1613 2880 Topico.
123 2862 1113 2976 El qujncagessimo primo edificio, se
1149 2834 2111 3003 Iniopico: vncan mjcovaloia:
127 2948 1117 3032 llamauā iopico: este era vncu: don
1147 2921 2111 3093 in vncan, cenca mjiequjntina
138 3009 1089 3105 de cada año, matauan muchos es
1165 3002 2116 3183 mjquja in mamalti: yoan vi
130 3065 1096 3187 clauos, y captiuos, matauanlos de
1151 3093 2116 3260 can mjquja in jtoça catca tequl
138 3138 1106 3281 dia, en la fiesta de tlacaxipeoaliz
1152 3184 2110 3354 tzin, yoan maiavel: auh in nj
117 3230 229 3346 tli.
1155 3269 2116 3440 quja cemjlhujtl, amo iooatc
