2670 4338
649 111 1710 266 de las fiestas moujbles
602 274 2033 445 En el signo que se llamaua ce mjquiztli: en la prir
616 372 2017 488 mera casa, hazian oran fiesta, los señores y prin
627 447 2015 564 cipales a fezcatlibuca, que era el gran dios, dezi
615 511 2043 619 an que este era su sino, como todos ellos, tenjan sus
623 585 2051 709 oratorios en sus casas: donde tenjan las ymagines
624 673 2032 785 deste dios, y de muchos otros: eneste dia, componj
626 737 2041 864 an esta ymagen, y ofrecianla perfumes, y flores
633 814 2049 940 y comjda: y sacrificauan codornizes delante della
627 885 2025 991 arrancandolas lacabeça. Esto no solamente lo
619 960 2028 1065 hazian los señores, y principales: pero toda la ge
623 1024 2051 1140 te, acuya noticia venja esta fiesta, y lo mjsmo se
625 1098 2028 1234 hazia, en los calpules, y entodos los cues: todos o
621 1166 2073 1305 rauan, y demandauan aeste dios, que les hiziesse
623 1250 1836 1397 mercedes: pues que el era todo poderoso.
668 1453 1781 1612 Ca octaua fiesta moujble
620 1602 2055 1769 Enel signo, que se llamaua, ce qujaujtl: enla primera
623 1717 2023 1832 casa, hazian fiesta, alas diosas que llamauan Cioa
628 1806 2010 1932 pipilti: estas dezian que eran las mugeres que
631 1869 2012 1979 murian del primero parto, dezian que se hazian
629 1948 2042 2059 diosas, y que morauan en la casa del sol, yquequa
633 2017 2012 2156 do reynaua este sino, decendian ala tierra, y he
631 2074 2028 2212 rian condiuersas, emfermedades, alos que topaua
634 2163 2018 2295 fuera de sus casas: Y por esto en estos dias, no osa
637 2233 2021 2369 uan salir desus casas. Tenjan edificados oratori
626 2319 2048 2437 os, a honrra destas diosas: entodos los barrios don
634 2408 2012 2540 de auja dos calles: los quales llamauan cioateu
636 2483 2044 2593 calli, o por otro nombre cioateupan: enestos orato
626 2548 2048 2659 rios, tenjan las ymagines destas diosas: y enestos
624 2656 2036 2758 dias, las adornauan con papeles, que llamauan
632 2704 2051 2818 amateteujtl. E nesta fiesta, destas diosas mata
628 2785 2019 2903 uan asu honrra los condenados a muerte por al
628 2842 1858 3018 gun delicto, que estauan en las carceles.
744 3016 1784 3190 La nona fiesta mouible.
604 3200 2029 3358 Enel siono llamado ce qujaujtl: enla quarta casa
624 3317 2045 3458 que sellamaua nauhecatl, por ser esta casa muy
647 3392 2031 3531 mal afortunado, matauan enella, los malhecho
645 3464 2058 3601 res, que estauan presos. Y tambien el señor hazia
640 3543 2040 3673 matar, algunos esclauos, por via de supersticion:
616 3647 2023 3758 y los mercaderes, y tratantes hazian alarde o de
639 3734 2034 3809 mostracion de las joyas en que tratauan, sacando
625 3779 2037 3874 las, paraque las viessen todos: y despues ala no
634 3838 2033 3951 che, comjan, y beujan, tomauan flores: y aque
634 3906 2043 4027 llas canas de perfumes, y assentauanse en sus assi
2372 186 2608 340 fo. 13.
