2658 4074
1019 39 1741 221 Del primero libro
1377 275 2564 401 pa ca cenca qualli moiollotzin, in tlatla
76 272 1262 428 corripis: et de qujbus peccant ad
1389 363 2563 468 coanj, amo njman tiqujnmopopolhuja
72 376 1339 554 mones et alloqueris: ut relicta ma
1386 423 2570 547 amo njman tiqujnmotla tlatilia, çan
1379 498 2580 639 oc tiqujnmonemachtilia, tiqujmonono
82 509 1088 681 litia, credant inte domjne.
1384 564 2574 703 chilia ynjc qujcaoazque, ynj maqual
1392 651 2561 790 nemiliz, ynjc motetzinco pachiuizque.
84 668 1310 850 A. Jllos enjm antiquos inhabita
1375 736 2551 891 A. Totecujoe, in iehoantin tlateutoca
75 796 1323 929 tores terre tue, quos exhorruisti
1388 830 2591 961 njme, in motlalpantzinco nemja, cen
1395 925 2599 1052 ca otiqujnmotlaelittili, yn ipampa yn
77 924 1320 1112 quonjam odibilia opera tibi fa
1391 996 2581 1168 imaqualnemiliz: ipampa cacenca te
1399 1094 2589 1240 qualanj, teiolitlaco, in qujchiuhtinenca:
100 1100 1305 1253 ciebant per medicamjna et sa
1400 1178 2557 1314 catonalpouhtinenca, tetlacujcujlitine
104 1207 1313 1378 crificia in iusta, et filiorum
1399 1250 2558 1382 ca mecatlapouhtinenca, tlaulchaia
1391 1329 2594 1463 uhtinenca. Auh in tlatla cateculo in
99 1374 1282 1534 suorum necatores sine miseri
1401 1412 2568 1550 tzitzitzimi imjxpan tlamictiaia: yoā
1409 1500 2576 1647 yn jnpilhoan qujnmictiaia, in çamos
98 1478 1309 1638 cordia, et comestores viscerum ho
1393 1582 2599 1717 tlaoaia, yn imjspan, in tetlaxinti, in qua
97 1621 1284 1777 mjnum et deuoratores sanguj
1397 1661 2621 1791 uhtlaxinti: yoan qujquaia intlacanacatl
1401 1772 2587 1882 in iehoantinjn vecauhtica tiqujnmu
101 1757 1311 1930 njs: perdere voluisti per manus
1399 1825 2579 1976 chieli, ynjc qujcuepazque ynjmaqual
103 1907 821 2014 seruorum tuorum.
1390 1930 2574 2058 nemjliz: auh ipampa yn amo qujnec
1395 1999 2580 2152 que in qujcuepazque ynjn nemiliz
1412 2083 2600 2248 otiqujnmopupulhuj, oqujtzacutiaque,
1390 2184 2555 2332 yn jntlauelilocaio, oqujnpopoloque
1405 2268 2604 2410 in momaceoaltzitzinhoan in xp̄ianome.
1390 2351 2568 2525 B. Totecujoe ynic oiuhticmuchiujli, yn
93 2387 1314 2561 B. Quis enjm dicet tibi, qujd fe
1406 2466 2563 2573 cuix aca itlaqujtoz? cujx aca qujtoz,
1393 2550 2525 2672 tleica yn iuhticmuchiujlia, in? auh
99 2543 1298 2691 cisti: aut quis stabit contra iu
1389 2632 2576 2762 cuix aca mitzmotlatzovililiz? inipam
87 2650 1326 2808 dicium tuum? aut qujs incons
1407 2718 2573 2840 pa iuh ticmuchiujli? auh cujx aca
1401 2818 2576 2906 motetzinco motzoncuiz, yn ipampa in
86 2778 1325 2957 pectu tuo venjet vindex injmi
1391 2888 2564 2997 tlatzacujltiloca, yn aqualti, yn aiecti:
86 2919 1292 3078 corum homjnum? aut qujs sta
1389 2970 2604 3095 auh in tlatiqujnmopopolhuiz, yn jxq̄ch
1382 3064 2549 3169 tin cemanaoac tlateutocanjme, cujs
76 3058 1292 3212 bit inputabit, si perierint natio
1383 3162 2527 3265 aca tlatoz? cujx aca qujtoz, tleica in
77 3195 831 3341 nes quas tu fecisti.
1382 3211 2596 3376 iuh ticmuchiujlia? ca muchinti motla
1393 3324 1997 3444 chioaltzitzinhoan.
1419 3465 2580 3606 C. Niman aiac vnca, occe teutl, nimā
95 3467 1317 3628 C. Non enjm est alius deus quā
1404 3541 2541 3668 aiac occe tlachioale, ca çan moceltzin ti
70 3594 1299 3751 tu, cuj cura est de omnibus: ut
1407 3639 2546 3749 teutl, ca çan moceltzin ticmopachilhuja, y
1402 3700 2530 3822 njsqujch yn jlhujcac onoc, in tlalticpac, oō
82 3731 1268 3863 ostendas quonjam non in iuste
1396 3787 2547 3877 noc: auh ynjc timotetlatzontequjlilia, ca
1392 3845 2552 3960 vel melaoac, njman aiac vei tlatoanj, in
80 3830 1280 3985 iudicas iudicium: neqz rex, neqz
