2720 4164
690 72 1091 264 L ibro
111 278 1339 458 de pulera: y el que seruja, hecha
135 395 1334 544 ua en vna xicara: y daua acada
128 503 1331 653 vno a beuer, por su orden: hasta
129 609 1338 754 el cabo: a las vezes dauan pulcre
135 709 1330 872 que llaman yztacvctli, que quje
130 829 1310 970 re dezir, pulcre blanco: que es
139 935 1333 1066 loque mana delos maguayes.
145 1042 1341 1169 y otras vezes, dauan pulcre: he
144 1121 1362 1256 chizo de agua, y mjel cozido, con
144 1218 1315 1397 la rayz: alqual llaman ayuctli,
159 1338 1359 1502 que qujere dezir, pulcre de agua:
132 1460 1335 1606 lo qual tenja aparejado, y guar
168 1579 1340 1682 dado el señor, del combite: de
165 1686 1363 1846 algunos dias antes. Y el serujdor
156 1791 1363 1953 quando via: que no se emboraracha
168 1910 1346 2026 uan: tornaua a dar a bauer, por
146 2016 1394 2172 la parte contraria, ala mano yz
160 2137 1340 2293 qujerda: comencando de los de
160 2234 1375 2388 mas baxo. En estando borrachos
177 2367 1372 2478 comencauan a cantar: vnos can
169 2463 1376 2620 tauan, y llorauan, otros cantauan
166 2588 1372 2740 y aujan plazer: cada vno, canta
184 2688 1372 2844 ua lo que queria: y por el tono
181 2806 1364 2957 que se le antoiaua: njnguno con
193 2909 1355 3046 certaua, con otro: vnos dellos,
193 3018 1387 3161 cantauan abozes: y otros canta
198 3132 1360 3251 uan baxito, como dentro de si:
193 3235 1369 3366 otros no cantauan, sino parla
192 3342 1379 3474 uan, yreyan, y dezian gracias
208 3435 1390 3585 y dlauan grandes risadas: quan
188 3530 1404 3663 do oyan, alosque dezian gracias,
182 3623 1353 3743 Destamanera se hazian los
206 3727 1381 3882 combites: quando alguno cō
200 3836 1344 3991 bidaua, por alguna cauja
1585 108 1651 240 t.
1398 226 2600 390 mjc, in occomjc, in tlatemovilcomjē,
1425 367 2568 509 auh in tetlaoanti in tlaquimita
1411 451 2580 619 qujntlaoantia, yn amoivinti, ina
1419 580 2576 728 moia manja, incanitztoque, toc
1420 682 2638 824 pepeiontoque, ienocuetic copuch
1407 776 2606 933 ilochtia, tlaopuchcopa quipeoal
1410 884 2615 1050 tia: qn. in vnca oquiçauh, intla
1411 984 2579 1138 tzaccan, in tlacuitlapilco, iene vn
1426 1101 2633 1273 can quipeoaltia, yn jctetlamamaca,
1432 1216 2612 1377 ynjctetlaoantia, ic quicueptiuh, qui
1422 1320 2599 1467 papatlatiuh in itetlaoātilizz: ic necui
1412 1436 2617 1596 catilo, netlaoeulxcujcatilo, nechoquiz
1431 1551 2621 1681 crucatilo, anoço cancuica cacamolo,
1432 1664 2620 1818 nocactle queoa, necuicapanauilo
1431 1767 2616 1905 necemeltilo, nececemeltilo, nē ela
1437 1897 2585 2047 quaoalo, nechoquitztlapalolo: auh
1417 2007 2596 2198 in aca: can tetenciucatica, yhich
1419 2117 2619 2308 tacacujcatica, aiac ica quichiuh
1431 2245 2603 2441 tica: auh cequjn çanqujxcava
1426 2383 2635 2553 in pactoque, impapactoque, vevetz
1430 2493 2671 2676 catoque, camanalotoque, vetzquis
1433 2599 2652 2801 tequittoque, iuhqujn, inxillaquia
1439 2725 2646 2915 quauhiti, ommjmjctoque in veiess
1439 2841 2657 3040 ca, yn onojtla quicacque, intavess
1442 2986 2636 3188 quitl, tevetzquiceuh, uchqujntla
1434 3096 2618 3279 nanaleo. Oyvin in muchioaia
1436 3224 2654 3392 coaabtl, in tecoanotoaliztli, intecē
1447 3349 2643 3501 tlaliliztli, tenechicoliztli, teceviliz
1451 3489 2596 3689 tli, teittotiliztli: et a yn iquac
1441 3615 2661 3795 aca qujtlaqualiaia in piltzintli,
1474 3739 2643 3939 yn jctlacocolaquja, tlacoçolaqui
1431 3887 2045 4014 ioiati nepieio.
