2628 3956
1061 -2 1460 185 Apendiz.
2289 23 2549 157 fo. 39.
57 166 1184 310 tenjan muchos librillos, llenos de a
1281 183 2536 330 mo neltoconj in cucunejutl impipillutl.
63 266 1174 434 gua: y si algun njño, o njña enfer
60 386 1159 523 mava, lleuauanle abeuer, de
64 508 1195 664 aquel agua: y dezian, que sa
58 616 1183 774 naua segun su loca ymaginati
63 715 1195 862 on: quando este dios, yua aujsi
60 832 1193 966 tar, las tinajas del pulcre, hazi
62 944 1196 1108 an grandes cerimonjas, y muy
1285 1064 2447 1170 D. Oc noce diablo inteouh catca in
57 1068 1198 1205 vanas. D. Otro demonjo, adora
1290 1141 2465 1288 veuetque, yn jtoca opuchtli: qujto
70 1179 1190 1338 ron vrōs antepasados, al qual lla
1304 1260 2455 1407 que ca in teouh, yn atlaca, iuhqujto
81 1298 1209 1433 maron opuchtli: y dixeron que era
1292 1347 2433 1495 aia ca iehoatl itlatzintil, in matlatl
82 1383 1189 1568 el dios de los pescadores, y que del
1293 1463 2425 1580 yn atlatl, in mjnacachalli, ӯ aujctli
1309 1517 2468 1677 in tzonvaztli. Auh yn iquac ilhujqujs
93 1529 1191 1660 aujan procedido, todos los instru
1306 1623 2459 1746 tililoia, miec tlamantli in ventli, injs
95 1645 1205 1791 mentos del pescar: por esta causa
1303 1717 2470 1876 pan qujmanaia: yoan oc mjec tlamā
88 1750 1200 1887 todos los pescadores cada vn año
1302 1816 2460 1954 tli ixpan qujchioaia, yn atlaca, in
82 1844 1218 2004 le hazian fiesta, y le honrrauan
1298 1892 2439 2074 iuh qujmiztlacauj in diablo: ic cen
98 1976 1214 2109 con muchas ofrendas, y cerimonj
1307 2002 2437 2159 ca oqujmoiolitlacalhujque in tote
106 2077 1226 2197 as, tan locas como vanas. Otrodi
1298 2090 2466 2281 cujo dios. Oc noce diablo, o qujmote
87 2197 1206 2324 ablo adoraron por dios, vrōs ante
1304 2209 2475 2359 utitiaque in veuetque, yn jtoca totec,
88 2292 1226 2447 passados, al qual llamaron xjpe, to
1311 2318 2446 2456 anoço xipe: qujl itequjuh catca, ic te
1321 2374 2459 2541 motlaia in totomonjliztli, papalanj
100 2403 1227 2563 tec: el officio del qual, era herir cō
1311 2486 2455 2641 liztli, çaçaoatiliztli izcocoliztli, ischi
97 2529 1231 2676 diuersas enfermedades, en espe
1326 2573 2479 2757 chitinaliztli, istenpipixqujliztli, ista
88 2646 1225 2802 cial con maldeojo, sarna, y virue
1327 2679 2476 2815 macoliciuiztli, isaiauhpachiujliztli, is
85 2733 1212 2913 las, y otras enfermedades: y los
1315 2769 2487 2918 totoliciuiztli, istezcaiciuiztli: in aq̄n
1325 2879 2507 3035 ipan muchioaia yn in cocoliztli toquj
96 2877 1248 3036 que estauan enfermos, de alguna de
1325 2979 2488 3111 chtin, iujcpa mjtoaia, monetoltiaia,
85 2978 1214 3169 las emfermedades, que el daua, ha
1328 3074 2469 3220 ynjc vmmaquiz yeoaio totec. Jnjn
81 3103 1214 3254 zia voto, y promesa, de le serujr cō
1331 3177 2504 3316 cavei netlapololtiliztli, vey ispupu
106 3220 1237 3355 alguna oferta si le sanase. hazian
1319 3293 2523 3411 iotiliztli, yn amotech qujcauhtiaque,
96 3331 1217 3501 le fiesta, enel mes que llamauan
1327 3372 2499 3516 yn amoculhoan; ointlaveliltic, occe
84 3439 1204 3602 Tlacaxipeoaliztli: enel qual dia, le
1308 3486 2499 3636 ca omtlaueliltic, yn axcan, yn açoc
87 3548 1227 3716 hazian muchas offertas, y sacrifici
1307 3593 1780 3734 qujlnamjquj.
78 3654 1245 3784 os, y grandes cerimonjas, llenas de.
