2582 4104
190 22 767 206 de la fiesta,
37 204 1116 367 que llamauan calpuleque. Y los
42 313 1142 419 muchachos, como yuan ofrecien
50 378 1100 508 do, dauan buelta, al rededor
54 467 1126 608 del fuego, y ala passada, dauā
51 568 1129 699 acada vno, vno de los paneci:
39 630 1172 791 tlos, que aujan ofrecido: los qua
50 728 1118 853 les llamauan, macuextlaxca
56 810 1143 958 lli. Acabando de comer, estos
37 896 1147 1051 panecillos, y la demas comjda
59 980 1095 1169 tuego los viejos beujan pul
69 1078 1120 1238 cre: esta beujda, llamauan,
61 1180 1115 1336 texcalcevilo: beujan alli enel
74 1299 1109 1453 mjsmo oratorio, donde esta
69 1367 1128 1541 ua la estatua, del milintoc,
38 1465 1092 1651 que llaman calpulco. Y los
78 1577 1123 1737 que hazian vino de maguey,
74 1667 1086 1818 que llamauan tlachicque,
74 1775 1095 1920 otecutlachique: tenjan cargo
73 1866 1139 2014 de traer el pulcre, para beuer:
80 1969 1130 2113 de su voluntad, y van, trayan
86 2054 1116 2227 lo en sus iarros, o xicaras: he
99 2167 1116 2295 hauan en vn lebrillo, que es
84 2250 1119 2381 taua alli delante la estatua:
85 2352 1107 2506 los que beujan este pulcre, no
98 2448 1118 2601 s emborrachauan. Estas dos
95 2532 1110 2688 cerimonjas dichas, no se haziā
86 2634 1141 2796 en todas partes, sino poraquj
75 2709 1120 2862 por tlatilulco. Acabado este
79 2833 1099 2976 mes, los cinco dias que se si
63 2922 1094 3065 guen, son sobrados de los tre
67 3006 1123 3167 zientos, y sesenta ya dichos: los
61 3120 1098 3240 quales todos de veynte en ve
54 3199 1106 3358 ynte estan dedicados a algū
75 3296 1115 3442 dios: estos cinco dias, anjngu
62 3418 1098 3550 dios, estan de dicados: y por E
46 3480 1118 3641 esso, los llaman nemontemj,
66 3592 1061 3746 que qujere dezir, que estan
45 3699 1144 3841 por demas, y tenjanlos por azi
75 3787 1103 3947 cegos, ninguna cosa hazian, en
1546 -2 1940 179 Izcalli.
2247 44 2531 202 fo. 99
1194 200 2453 344 vncan iteupan, m jcalpolco lti
1169 328 2431 496 lintoc. Auh in tlachicque, inte
1168 446 2457 619 cutlachicque, qujoalcaoa ce cen
1186 560 2483 710 caxitl in vctli, anoço cecenxical
1184 664 2450 829 li, anoço cecemapiloltepitotō
1180 789 2450 972 çan i iollocopa, çan iiollotla
1177 895 2465 1100 tati, in concaoa octli, qujoat
1180 1028 2459 1194 tecatimanj apatzco: auh tlaoā
1183 1137 2482 1321 toque in vevatque, texcalcevi
1185 1250 2379 1450 toque, amo ivinti: ie ixqujch.
1172 1368 2417 1549 Auh in onqujzy, cempoalli vz
1179 1487 2466 1676 calli, njmā ieic oalmotlaliam
1179 1628 2468 1814 macujlilhujtl in nemotemj, a
1182 1725 2491 1921 noço nen ontemj, acampoiehquj:
1193 1870 2439 2034 Auh in nemontemj, vel ymaca
1188 1992 2488 2161 xoia, mauhcajttoia; aiac teaoa
1187 2080 2509 2261 ia, aiacmaoaia: auh m aca vncā
1171 2203 2509 2421 teaoa, qujl mach cenqujcuj. Auh
1182 2364 2510 2545 maqujn vncan tlacati: qujtoca
1182 2464 2437 2635 istiaia. Nemo: qujtvaia, qujl
1175 2589 2537 2785 mach acle ilhujt, atlemaceoal
1191 2708 2519 2914 muchioa, qujhiio vitinemjzvm
1179 2844 2516 3041 pa onqujztinemjz intlalticpac,
1181 2976 2458 3175 Auh mjpanjn Izcalli: mjc ce
1182 3131 2508 3286 xivitl, yoan icoxivitl, yoan ique
1180 3246 2505 3403 xivitl, atlemiechioaia: auhqujn
1189 3380 2448 3569 icnauhxivetl in moveichioa,
1178 3490 2477 3697 qujntquac mjquja in Ixcoça
1196 3619 2424 3809 uhque, mjxiptlasan xiuh
1189 3751 2447 3934 tecutli: tlaaltilti, in quema:
