2628 4164
226 77 778 256 dela axte
19 291 1175 465 dar guerra asus enemjgos, y
20 410 1163 561 enel mismo sentenciauan
15 508 1190 671 a muexte, alos que por algu
13 620 1198 799 gran crimen, estauan presos.
124 1047 1157 1233 En acabando de hazex
51 1136 1208 1319 la fiesta de la dedicacion de
37 1244 1181 1379 su señorio. Los señores que
42 1350 1214 1522 se elegian en este signo: luego
52 1449 1227 1595 mandauan apregonar guerra,
62 1550 1263 1702 contra sus enemigos: y esto, era
47 1646 1268 1815 lo segundo: enque auja de mostrar
55 1736 1245 1925 la grandeza de su señorio, en la
60 1842 1260 2030 guerra: y por esta causa, luego
71 1937 1234 2147 escogian a los hombres vali en
78 2058 1246 2218 tes, y soldados fuertes, y todos
74 2147 1276 2313 losque eran tules, llegauan se al
75 2264 1290 2421 señor a porfia: porque cada vno
85 2365 1285 2523 desseaua: que le eligiessen, para
92 2484 1275 2638 aquel negocio, por tene occa
68 2588 1277 2728 sion de mostrar se, y de gonar
86 2687 1272 2828 de comer, y honrra: y por mos
86 2776 1271 2929 trarse, que desseauan, de mo
99 2861 1256 3017 rir en la guerra. Pambien
106 2953 1296 3125 dezian: que en este signo sen
102 3082 1269 3202 tenciauan, alos que astauan
112 3172 1271 3337 presos, por algun crimen de
110 3263 1276 3441 muerte: y sacauan, a los que
112 3342 1256 3524 no tenjan culpa, de la carcel.
133 3431 1280 3646 Y tambien librauan alos escla
139 3548 1310 3727 uos: que iniustamente exā, te
139 3651 1303 3821 njdos, por tales, aque llos que
125 3735 1324 3888 librauan de la injusta serujdū,
1277 48 2099 227 adujnatoria.
2250 87 2506 212 fo. 5E
1247 223 2530 428 queJmjpanm tonalh omoteneuh
1244 373 2474 541 iaotlatoaia, ioain vncan tlatzon
1245 507 2469 698 tequjliloia, in mjqujztli ipan
1253 681 1494 805 catad.
1399 985 2452 1203 njquac ie omotecpac tecoanotza
1270 1135 2432 1312 biztica: njman ie nocuele oalmotla
1266 1259 2418 1429 lia mjc iaotlatolo, no ic mjtoa, ic op
1274 1363 2519 1548 pā iaoc motecpacaz in tlatoqmj, quac
1291 1465 2468 1637 conca ipan mopepena in tiacaoan, in
1295 1568 2494 1741 chicaoaque, ipannetotocholo, nemama
1279 1676 2445 1884 lioa, mjc qujtlamatilizque, qujpale
1297 1792 2500 1969 vizque, mic aehoan uel qujtl amaltiz
1299 1893 2471 2093 que; ipampa caqujxtoca, ipan mjx
1311 1999 2471 2190 poa, qujmototoqujlia mjauh, mn jtla
1316 2108 2470 2332 qual, mjtilma, mjcipalnemjzque,
1317 2192 2510 2436 ipallaquemjzque, qujnmaujzçoliz, oxo.
1318 2329 2543 2507 itlaujcecaoan mochioazque, in mjtoa:
1332 2476 2468 2628 mjc aqujtlaçotla mjntzonteçon, mj
1324 2588 2454 2751 melchiqujuti, teca momotla, teujc
1342 2673 2510 2847 mopetlatut, ioam mjtoa no ipantecu
1336 2777 2510 2956 tlatoloia mjn ce itzcujntli, vncantla
1337 2890 2522 3070 tzontequjliloia in jnpanca mjqujztli:
1355 3019 2494 3177 auh iquac qujxtiloia; caoaloia, i
1352 3108 2489 3291 amo cenca ovi iccate, ioan qujntla
1348 3248 2536 3388 tlaçollacaia in tlatlacoti, m amo cen
1354 3349 2509 3486 ca meldoac, i omo uel ixnezquj, in
1353 3460 2515 3612 amo cenca uel neztica ic tlacoti, ictla
1362 3568 2618 3724 namjquj maçoçantlapictli qujtzaqua,
1374 3697 2573 3851 çan tlapiqujloque, çanixpopoiotlana
1366 3774 2519 3941 mjctiloque, ixpopoiotlanamjcque,
2487 4010 2559 4081 rq̄ f
