2638 4116
723 53 1278 262 Libro. 2.
146 281 1319 410 necia, al romper dela mañana: y
136 414 1331 534 todas las cosas acabadas, todos los
142 488 1318 611 satrapas, se yuan alauar a los
124 565 1307 727 lugares, donde ellos se solian la
128 664 1292 798 uar: alli se llauauan todos con
130 787 1307 892 agua, para qujtar la color acul,
123 862 1332 1001 solamente ladelantera, dela ca
132 966 1330 1114 beça: y assi alguno de los satrapas
130 1048 1302 1207 o mjnistros de los ydolos, que es
127 1172 1300 1289 tauan acusados, y aujan de ser
121 1240 1331 1395 castigados: entonce quando se la
114 1342 1324 1496 uauan, conel agua açul le trayā
100 1457 1279 1609 y le castigauan, como alos arri
119 1542 1294 1696 ba dienos. hecho esto, luego se
114 1643 1295 1797 yuan, asu monesterio, y saca
120 1742 1303 1883 uan todas las esteras de juncos
109 1852 1291 1998 verdes, que aujan puesto, y las
102 1930 1264 2106 echauan fuera del monesterio,
96 2043 1269 2185 de tras de la casa. Estas son
93 2142 1293 2291 las cerimonjas, que se hazian en
77 2251 1283 2414 la fiesta, que se llamaua Etzal
104 2364 445 2499 qualiztli.
683 2574 890 2710 Efse
387 2613 473 2762 fis
1633 70 2554 265 de las cerimonjas.
1412 284 2590 454 tlalia: njman ie ic mopipiloa, mo
1421 426 2583 562 olpia in teteujtl, in quauhtitech
1428 534 2577 659 yn itech cuenmantli: yoan in
1424 617 2569 782 chalchiujtl qujilpia, yoan cequj
1410 748 2576 854 atlan contepeoaia, conchaiaoa
1413 838 2581 976 concenmana. Auh in ie iuhquj,
1408 941 2542 1091 njman ie ic oalqujxoa: auh yno
1399 1047 2548 1199 qujxoaloco, yn ooalqujxooac, yn
1415 1168 2561 1312 vncan qujiaoatenpan, yn iquj
1394 1278 2527 1389 iaoaioc cuenmantli: njman ic
1401 1383 2525 1533 concuj in tlemaitl, vnean con
1380 1496 2497 1647 mamana nauhtetl teteujtl:
1386 1615 2507 1763 njman ie ic conjiaoa, yn oconj
1387 1705 2508 1878 iauh, mec conmaiauj, ica on
1380 1809 2530 1973 maiauj, contlaça, ica ontlamo
1371 1916 2491 2105 tla: auh yn ocontlaz mecquj
1375 2049 2481 2177 malacachoa yn açalli: mec
1380 2179 2536 2333 oalnecuepalo, tlanelolo, cequj
1374 2283 2540 2446 tlaiacatitiuj, cequj tlacuexcoch
1366 2380 2549 2533 xtitiuj. Auh yn oacico tetama
1350 2501 2514 2667 colco, yn vncan neacalaqujlo,
1357 2621 2513 2780 in neacalaqujloia, njman ie ic
1339 2750 2500 2876 neaaltilo, mec vivoiloa. Auh
1332 2866 2501 3005 yn acalli, njman ic vi qujtecaz
1331 2970 2513 3120 que, yn jonoia, yn acaltecoian:
1342 3072 2463 3234 auh yn otlatujc, njman ie ic
1333 3211 2472 3346 nequatexopaco: in tlamacaz
1332 3330 2531 3473 que vmpa yn jnnealtiaian, tla
1335 3436 2510 3589 macazque. Auh yn aqujn çan
1321 3550 2539 3698 motlati, in can mjnax, in iquac
1309 3641 2469 3819 netlalocacaoaloia, yn axioac
1322 3771 2510 3932 qujniquac ica nequatexopaco:
1318 3875 2503 4031 vmpa atlan qujpapachoa. Auh
