2558 4096
519 100 932 322 Libro.
73 328 1213 462 podia aborrecer, nadie le podi
65 419 1190 547 a dessear la muerte:  si al
83 542 1205 676 guno le desseaua la muertecel
72 650 1210 788 mjsmo moria: reynante este
78 732 1217 898 signo. Nadie ojaua renjr, nj
78 871 1207 1007 mal tratar asus esclauos: to
75 972 1208 1108 dos los que tenjan esclauos,
84 1096 1213 1211 vndia: chantos que comencasse
101 1160 1243 1312 areynar este signo, les qujta
80 1268 1249 1410 uan las prisiones o colleras cō
79 1371 1216 1542 que estauan presos: y las xā
91 1483 1249 1644 bonauan las cabeças, y los bā
102 1591 1244 1752 ñauan, y regalauan: como li
82 1687 1241 1859 fueran hijos, muy amados de
77 1789 1246 1967 titlacaoan: y los duenos de los
77 1932 1228 2082 esclauos, mandauan congran ri
87 2036 1226 2213 gor atodos los de sucasa, que no
78 2151 1232 2309 rinjessen, nj diessen pena a njn
93 2280 1256 2443 gun esclauo, y dezian: Que si al
85 2374 1253 2541 guno renja alos esclauos en es
97 2499 1237 2650 tos dias: que el mjsmo se pro
100 2603 1272 2775 curaua pobreza, y enfermedad
99 2734 1245 2887 y desuentura: y merecia ser es
94 2842 1247 2990 clauo: pues que trataua mal
106 2917 1242 3077 al muy amado hijo de tezca
101 3044 1261 3211 tlipuca. Porque dezian: que de
93 3148 1249 3311 nadie era amjgo fiel tezcatli
103 3258 1276 3428 puca: sino que buscaua occasio
79 3377 1274 3552 nes, para qujtarle loque le a
94 3491 1255 3653 uja dado: y algunos quando
101 3612 1288 3768 perdian su hazienda, con deses
89 3716 1279 3873 peracion reñjan, atezzcatlipuca
1494 126 1660 306 A.
1301 282 2461 454 iaotl, icomanitl, ic qujtocamamai
1303 432 2455 563 in Tezcatlipuca: mjn mjtoauia, aiac
1322 502 2473 706 vel qujcocoliz, aiac vel qujmjqujtla
1323 654 2444 794 njz: itlaaca qujmjqujtlanj, quj
1315 713 2471 926 mjqujztemachia, canie mmocoçolia
1325 871 2467 1026 onmjctiuetzi. Auh mjquac i catcu
1325 976 2478 1129 ipan tonalli: in tlatlacoti, in tlatlaco
1340 1092 2467 1244 tzitzinti, in teatexatitlan, temetlati
1320 1202 2500 1350 tlan innemjan: aiac vel qujmaoaia
1320 1302 2481 1488 aiac vel qujntenquanviaia, qujntla
1317 1443 2472 1629 uelnotzaia, qujnqualancanotzaio,
1334 1544 2473 1734 itlacaoaque, i oqujmatque, ca
1331 1633 2452 1847 muzcta itonalpan iez in vezcatli
1328 1781 2496 1971 puca: njman achto qujntomaia quj
1328 1900 2459 2089 tequjlia, qujntlaxilia iquauh
1322 2025 2467 2226 cozcatl in coliuhquj, mjc pieloia i
1329 2146 2470 2351 ie ilpitinença, mjc omo cholozque,
1330 2222 2477 2453 njman, ic qujmamovioua, qujntia
1335 2390 2456 2566 tiaca, cenca qujntlaçotlaia, qujni
1333 2521 2457 2681 xocoiomatia, vet qujnmavizmatiz
1340 2624 2449 2814 ipommpa cutqujmatia, ca ixiptlz
1346 2757 2462 2960 ipatillooā, ytlaçopiltioain, mjtocia
1339 2889 2468 3099 iutiqujn iquecholhoan, icaquan.
1344 2973 2471 3199 totooati, itlaçototooan, in Tezcatl
1337 3148 2477 3308 puca: auh in tlacaoaque, vel qujti
1351 3244 2477 3423 nemachtiauia, qujnmjqujznaoatica
1333 3368 2479 3541 ia, qujntlaquautnaoatiaia, qujli
1351 3473 2456 3707 tepitznaoatzauaia, in mpilhoalli,
1351 3652 2441 3808 mjntlazcaltilhoaca, ymntlaoaqe:
1361 3767 2458 3936 oalhoan: injc omo qujmaoazqiuta,
