2598 4140
613 86 1096 291 del libro.
24 344 1087 495 voruentura se criara, y biujra,
19 445 1072 592 y es varon, no conujene que le
27 544 1096 687 mostremos, officio de muger, te
40 637 1059 769 njendolo en casa: por tanto os
39 717 1108 865 le damos, por vro hijo, y osle
47 825 1055 981 en cargamos: porque teneys
44 915 1077 1070 cargo de eriar, alos mucha
42 1028 1121 1182 chos, y mancebos, mostrando
38 1140 1113 1278 les las costumbres: porraque
57 1231 1120 1357 sean hombres valientes, y pa
44 1315 1166 1492 ra que siruan alos dioses, tlal
46 1446 1138 1602 tecutli, y tonatiuh: que son,
43 1542 1175 1720 ra tierra, y el sol, en la pelea:
37 1655 1157 1806 y por esto, o frecemos le, al señor
79 1767 1145 1916 dios todo poderoso yaotl, o por o
73 1839 1159 1989 tco nombre titlacaoa, o tezcatli
89 1963 1166 2118 puca. Por ventura se criara,
90 2074 1163 2240 Sbiujxa, plaziendo a dios: en
102 2178 1191 2337 a ala casa de penjtencia,
103 2283 1153 2434 yde lloro, que se llama tel
84 2381 1165 2557 puchcali, desde agora os le
74 2482 1195 2694 entregamos: para que more,
109 2582 1176 2782 en aquella casa, donde se cri
98 2690 1241 2879 an, y salen hombres valientes:
89 2768 1217 2956 porque eneste lugar, se mere
103 2871 1227 3075 cen, los tesoros de dios, orando
97 2992 1208 3189 Y haziendo penitencia, y pidi
115 3099 1206 3292 endo a dios, que les haga mj
114 3185 1252 3407 dericordia, y mezced de darles
115 3347 1236 3515 vitorias: paraque sean princi
114 3448 1254 3620 pales, tenjendo abilidad, pa
133 3533 1244 3728 ra gouernar, y regir la gente
119 3615 1215 3834 baxa. Jnosotros, padres indig
128 3752 1286 3934 tros, poruentura merecera nu
135 3853 1306 4039 estro lloro, y nuestra penjtencia,
2061 53 2353 208 fo. 20.
1185 93 1309 275 z.
1150 203 2283 418 toa in iopalli in ehecatl intla
1150 344 2317 544 catl in telpuchtli in iaotzin inti
1166 459 2311 640 tlacaoan in Tezcatlihuca, aço
1178 591 2324 778 achitzin qujmotoctilizz in iehoa
1188 702 2329 887 tzin totecujo, ticcaoa telpuch
1172 823 2351 1017 tiz, vmpa nemiz in tlamaceoa
1191 954 2340 1155 lizzcali, yn ehoquiizcali, yn jiaio
1194 1086 2346 1269 cali, in telpuchcali, in vnca io
1206 1182 2404 1394 li tlacati in quauhtin in ocelo
1213 1334 2417 1538 in vncan in xillan, in tozcatlā
1233 1471 2433 1665 mamaiaooan in totecujo auh
1239 1603 2415 1841 yn vncan moteiximachilia
1234 1756 2376 1970 in vncan motetlamamaqui
1237 1842 2445 2062 lia, in vncan moteicnoittilia
1261 2000 2468 2212 in quauhietlatl, in ocelo petlati
1278 2144 2416 2349 qujn momaquilia in choca
1265 2288 2428 2447 m, in tlaocoiam in vnca quj
1270 2399 2469 2597 moquixtilia in iehoatzin to
1285 2518 2504 2728 in pētlatl, ynjcpalli quipachoa
1294 2683 2447 2839 in quipia, intlaiximachoan
1300 2802 2416 2979 iehoatzin totecujo: auh injn
1301 2913 2473 3132 cujx tichocanj, cujxtitlaoeoia
1306 3066 2526 3225 nj, cujx itlatolvil, tomacaoal
1325 3190 2479 3351 cujxtlachiaz, mutzcaliz: aca
1331 3317 2486 3465 como, omuchiuh ototlavelil
1328 3437 2480 3615 tic in ticnovevetque, inticnoi
1339 3582 2477 3787 lamatque, manoço nellixjc
1369 3720 2510 3881 mocetlica, manoço xiqual
