2668 4080
2320 64 2584 200 fo. 34
1076 72 1457 230 Apendiz.
1304 220 2466 365 yn ueuetque, in vel machiceque, otech
64 242 1221 355 por dios a vn hombre llamado vi
1313 316 2461 450 caqujtique, in tehoantin, in vel iancuj
56 343 1202 511 tzilubuchtli, nigromantico: ami
1311 380 2455 496 can otamechmachtique, in quenjn
1316 451 2440 583 oneteutiloc in vitzilobuchtli: noviian
65 430 1196 625 go de los diablos, enemigo de los
1321 535 2462 680 in tlalpan in mexica, vel inteouh in
75 569 1250 739 hombres, feo, espantable, cruel,
1298 606 2442 766 mexica. Auh ynjn vitzilobuchtli, tic
1313 685 2462 837 mati, camaceoalli, naoalli, tetzaujtl, a
75 677 1223 867 reboltoso inventor de guerras, y
1316 776 2450 944 tlacacemelle, teiscuepanj, qujiocu
75 796 1228 985 de enemistades, causador de
1327 860 2453 1006 ianj, iauiotl, iautecani: tepan qujtlaça
72 951 1246 1109 muchas muertes, y alborotes, y
1328 961 2477 1107 in in xiuhcoatl, in mamalhuaztli, in ia
1324 1064 2457 1186 uiotl, in teuatl, in tlachinolli: Jnin vi
82 1070 1259 1238 desasosiegos: a este tan pessimo
1331 1135 2484 1301 tzilobuchtli, in vel ymaceoal in diablo, in
75 1159 1289 1340 hombre, hazian grandes fiestas
1342 1213 2467 1384 amoculhoan quilviquixtiliaia, espan
98 1279 1229 1435 vrōs antepasados cada año. Y
1342 1301 2489 1482 cecexiujtl; malmjcoaia, tlaaltilmjcoaia:
1345 1400 2501 1538 cenca miec eztli noquiuja, in vncan ite
96 1407 1276 1572 encada fiesta matavan por su
1342 1467 2493 1643 peioc: miec tlamantli netlapololtiliztli,
89 1538 1278 1708 honrra: y delante de su ymage,
1355 1583 2482 1736 qujchioaia, ispan in ixiptla. Jnin cen
1354 1671 2491 1816 ca tetlapololti, cenca teiçauj, ocna te
96 1666 1275 1853 y en su capilla, muchos hombres
1355 1731 2515 1894 pinauhti, Jn oqujchiuhtiaque yn amo
95 1780 1251 1970 sacandoles los coraçones: y ofre
1349 1884 1591 1997 culhoan
120 1916 1262 2055 ziendolos al mismo vitzilobuch.
1385 1966 1571 2105 c
127 2001 1261 2150 tli, derramando delante del su
109 2139 1249 2296 sangre: y comjendo las carnes de
1431 2207 1509 2306 lq
110 2252 1228 2406 llos, ansi sacrificados. Estas
129 2375 1288 2506 son cosas horrendas, abomjnables
1344 2430 2492 2578 F. No yoan ticmati, canjcan noujan
118 2483 1252 2661 crueles, y muy vergonçosas. F.
1365 2516 2473 2658 nueua españa ieuecauh, oneteutiloc
1360 2606 2509 2759 in tezcatlipuca: yoan qujtocaiotique, ti
105 2608 1290 2762 Tambien sabemos por vrā rela
1367 2670 2512 2810 tlacaoan, yoan iautl, necoc iautl, mo
120 2726 1249 2865 tion, que en todas estas tierras
1372 2751 2497 2885 iocoia, neçaoalpilli. Jnjn tezcatlipuca
112 2815 1268 2989 desta nueua españa, vrōs ante
1370 2842 2489 3007 qujtotiaque in veuetque, vel teutl,
1366 2903 2466 3079 noujan ynemjan, mictlan, tlaltic
127 2933 1261 3096 passados, adorauan avn dios, lla
1360 3015 2539 3178 pac, ilhujcac: in iquac nemja tlaltic
124 3059 1265 3206 mado tezcatlipuca otitlacaoan: y
1367 3109 2510 3254 pac, iaoiutl qujiolitiaia, iehoatl quj
122 3155 1279 3318 por otro nombre llamado iautl, o
1373 3189 2510 3331 iolitiaia in teuhtli, in teuhtli, in tlaço
127 3295 1281 3448 necuc iautl: y por otro nombre mo
1356 3279 2511 3422 lli, cococ, teupouhquj tepan qujchci
1364 3363 2495 3526 oaia, tetzalan tenepantla, moque
127 3385 1274 3543 iocoia, oneçaoalpilli. Este dios de
1367 3457 2538 3633 tzaia: ipampa y, mo teneoa necocia
114 3509 1308 3669 zian ser espiritu, ayre, y tiniebla:
1374 3549 2512 3682 utl, teca maujltiaia, tequequeloa
127 3617 1263 3764 aeste atribuian el regimjento del
1377 3642 2556 3752 ia: moteneoa ehecatl, tlaioalli. Jnjn
1383 3731 2527 3856 tlaueliloc tezcatlipuça, ticmati caie
121 3702 1293 3848 cielo, y de la tierra, y le adorauan
