2578 4136
527 41 1019 288 tralto.
124 265 1216 440 Despeñauanse enel dicho rio.
160 724 1328 882 Capitulo octago, de otro
142 853 1309 985 embuste, del mismo ni gro
132 983 1327 1106 mantico, con aue mato otros
136 1056 1220 1241 muchos de los de tulla.
167 1443 1313 1606 Otro embuste, hizo el dicho nigro
162 1567 1328 1681 mantico: el qual parecio, como vn
157 1656 1331 1787 hombre valiente, que se llamaua
149 1742 1325 1886 tequjoa: y mando avn pregone
145 1824 1330 1991 ro, que apregonasse, y llamaze ato
135 1923 1324 2072 dos los comarcanos de tulla, para
123 2016 1329 2175 que vinjessen, a hazer cierta obra
136 2091 1301 2224 en vna huerta de flores, que se
127 2200 1325 2343 llama suchitla, para beneficiar
134 2279 1343 2450 y cultiuar la dicha huerta: porque
133 2374 1301 2521 ansi la llaman suchitlaC dizque
138 2481 1297 2625 que era huerta del dicho quetzal
144 2559 1302 2729 coatl, y ansi lo hizieron todos, y
136 2673 1277 2852 vinjeron a hazer la dicha obra,
142 2754 1340 2916 en la dicha huerta de quetzalcoatl.
142 2874 1332 3053 Jen iuntandose todos, los dichos tul
137 2992 1284 3141 tecas: luego començo, el dicho ni
143 3088 1298 3254 gromantico, amatar alos dichos
126 3213 1337 3346 tulteças, achocandolos con vna coa
110 3292 1331 3464 y mato muy muchos, sin cuenta de
120 3383 1303 3545 llos. Y otros yuanse huyendo, por
128 3519 1319 3628 escaparse de sus manos, y entrom
116 3617 1328 3758 pecando ycayendo, luego murian:
129 3725 1281 3861 y otros empuxauan, vnos a otros,
120 3804 961 3944 todos ansi se matauan.
1404 285 2522 454 cujcoanoloia no izquipa in icoaha
1395 399 2516 588 netepexiviloio, tepexic, in onnaso
1412 540 2524 699 peoaloia vel mixtlatiaia intultecaa
1413 641 2542 908 Jnic chicueyni capitulo: ita
1415 785 2536 1031 patlatoa, in oc centlamantla
1409 973 2524 1162 tetzavitl, in quichiuh cantla
1413 1114 2530 1304 no iehoatl naoalli, injc aco
1407 1215 2518 1471 ca imequjntin inieque hl
1429 1445 2528 1665 zzcatquj oc centlamantli, yoaa
1403 1585 2525 1797 in quichjuh in tlacateculotl, que
1405 1717 2519 1915 ceppa tequioa ipan moqujxti
1420 1852 2512 2047 qujnaoatiaia in teehoioti, intzau
1401 1966 2531 2125 nj injc ontetzatoilliz cema tonua
1401 2086 2524 2260 injcoalviloaz, quitoaia inteu
1394 2175 2510 2376 iotl, ma ixqujchtlacatl Callaul
1401 2293 2515 2477 maixqujch tlacatl oalolinj inta
1411 2423 2501 2585 maceoalli, vmpa antlamatiua
1405 2519 2494 2691 in xochitla, chinantecoz, tlac
1407 2640 2498 2836 njma ieic vitze in jxqujchii,
1408 2751 2498 2934 ceoaltin oallamatiaque inc
1416 2823 2518 3062 tla auh injcmoteneoa xoca
1417 3010 2513 3176 quilxochimjlpa catca in qux
1406 3128 2516 3304 tzalcoatl? auh in ocenqujxodaa
1405 3243 2531 3447 in ocenquizque, in otecpichauli:
1409 3382 2522 3566 in tulteca, njma ielc temnjctioa,
1404 3522 2537 3689 tevivitequi, teeuexcochavinitujlhi,
1406 3622 2517 3818 in tequioa, vel miec amocanll
1406 3734 2530 3965 tlapoalli, in jmacmjc, in qujla
1400 3888 2493 4079 tlati, auhmoccequjntin in çan
