2622 4100
682 -1 1323 232 Libro. E.
127 211 1321 383 Los diez dias, toda vna noche ente
133 350 1315 474 ra, baylaua, ycantaua, aquella
118 447 1307 579 que auja de morir, sin dormjr
130 543 1328 662 ni reposar: y trayanla de los bra
126 627 1347 775 cos vnas viejas: y todas baylauā,
130 726 1328 853 enesta noche. Tambien baylauā
107 818 1310 967 y velauan, los esclauos, que auj
124 921 1318 1034 an de morir delante della: sobre
106 1041 1333 1133 los quales, auja de yr ala maña
117 1101 1315 1254 ña, quando era la fiesta, adere
124 1216 1280 1331 cauanse los satrapas, que aujan
130 1327 1301 1445 de matar aesta muger que la lla
124 1382 1315 1541 mauan, como ala diosa vixtoci
114 1513 1285 1648 oatl, y alos captiuos: alos quales
117 1607 1300 1739 llamauan vixtoti. Y tambien y
117 1698 1298 1815 uan compuestos, con los ornamē
110 1790 1300 1932 tos conformes ala fiesta, con sus
95 1895 1303 2050 papeles al pescueço, y en la cabeca
110 2003 1316 2128 lleuauan vnos plumajes acuestas,
97 2107 1305 2242 hechos amanera de vn pre, de aguj
90 2197 1282 2349 la, con toda su pierna, y plumas
97 2303 1282 2442 hecho todo de pluma, puesto en
117 2389 1292 2529 vn cacaxtli, agujerado en diuersas
114 2500 1295 2626 partes: y enestos agujeros, yuan
112 2567 1271 2717 hincados plumajes lleuauanle
96 2685 1291 2834 ceñjdo, con vnas vendas de man
106 2787 1264 2933 ta coloradas del anchura de dos
93 2878 1267 3031 manos. El pie del agujla, lleuaua
105 2991 1271 3115 las vñas, hazia arriba, el muslo
102 3096 1258 3254 hazia abaxo, entre las vnas: en
102 3180 1262 3345 medio del pie estaua aguierado,
96 3315 1273 3467 y en aquel agujero, yua metido,
99 3406 1280 3539 vn muy hermoso plumaje. Poda
89 3526 1252 3669 la gente que miraua, el areyto,
81 3616 1244 3758 tenja enlas manos, flores ama
81 3709 1246 3864 rillas, que llaman cempoalsu
76 3819 1276 3956 chitl: otros, tenjan la yerua que
76 3900 1205 4034 llaman iztauhiatl en ias manos,
1559 -2 2441 233 de las cerimonjas.
1421 270 2563 418 ynic maana, ynic motitilinjti
1416 372 2552 529 uj: ymjhiztauhiaxochiuh, y
1409 477 2567 632 micpac contecatiuj: yoan cujca
1416 574 2568 723 tiuj, cenca tzatzi, cenca tlapitza
1414 662 2564 819 oa: iuhqujn tzontli cana in cujc.
1407 786 2532 943 iuhquj incoiolli in tozquj: qujn
1402 904 2556 1028 iacana in ueuetque, ciicatlaca
1414 995 2551 1164 qujncujcatlaxilitiuj, in calpule
1396 1096 2545 1250 que, in calpulueuetque, yoan
1402 1214 2518 1360 motocaiotia teoaque. Auh in
1407 1322 2551 1463 vixtocioatl, tlanepantla icatiuh
1406 1434 2528 1590 ce petlacotl qujiacana, ce tlacatl
1393 1544 2507 1695 veue in qujnapaloa: auh ynjn
1389 1642 2526 1792 mitoaia vixtopetlacotl. Auh in
1398 1754 2515 1903 iehoatl vixtocioatl, momuztlae
1388 1869 2543 2011 in qujcioapancujcatiaia, yn ixquj
1378 1964 2513 2091 chica matlaqujlhujtl onaci: auh
1381 2074 2530 2238 yn oacito matlaqujlhujtl, teutlac
1371 2186 2528 2323 pa impeoa qujtoçauja, qujcujca
1363 2293 2517 2438 tia iuh ceiooal, aquenman cochi,
1365 2405 2492 2532 acochiztli qujmochioaltia, iuh ve
1365 2516 2482 2662 tzi in ioalli. Auh in vixtocioatl,
1359 2635 2515 2769 mitotia ca ana, ca antinemj yn
1351 2734 2526 2893 ylamatque in qujtotia: no iuhce
1350 2832 2514 2991 iooal in mjtotia mamalti, in iaca
1346 2936 2518 3099 tiazque mjquizque, in iuhquj y
1347 3060 2488 3219 pepechoan iezque, in qujnmope
1338 3158 2467 3311 pechtizque. Auh yn otlathujc
1357 3256 2483 3420 yn iquac ie vel ilhujtl, mec mu
1353 3361 2474 3524 chichioa in tlamacazque, intla
1347 3463 2497 3613 mictizque: in iehoan y, motoca
1328 3571 2476 3723 iotiaia vixtoti, moixtochichi
1329 3697 2507 3857 oa, moujxtoychioa, in tla tlaque
1340 3822 2472 3951 chpaiouh, yoan ymaamacuex
1322 3899 2500 4059 pal: auh ynjntlauiz, quaviztitl
