2670 4124
986 28 1811 218 del primero libro
1442 248 2421 408 Capitulo quarto decimo,
356 271 1010 408 Caput. XIII.
1433 402 2600 550 Jn quaujtl ca qualli, camonequj, caitlachi
140 452 1347 627 Benedictum est enjm lignum, per
1434 509 2618 628 oaltzin in dios: ca mjectlamantli ic muchioa:
1436 570 2588 687 ca ic muchioa in calli in uncan tinemj
132 582 1357 771 quot fit iustitia. A. Per manus
1433 650 2614 796 yoan ic muchioa in acalli ynjc netla
1429 716 2618 849 iecultilo: ipampahi, vellaçotlalonj in qua
137 711 1339 889 autem quod fit idolum, maledio
1430 791 2608 934 ujtl, ynjc muchioa, in totech monequj
1427 870 2606 1018 ynjc titotlaiecultia. A. Auh in quaujtl
122 863 1358 1032 ctum est et ipsum, et quj fecit il
1426 955 2610 1093 ynjc muchioa, intla teutoqujliztli, vel tel
1438 1026 2619 1148 chioalonj: auh in qujchioa in qujxima, vel
121 990 1333 1182 lud: quia ille qujdem opera
1431 1096 2654 1221 oitlaueliltic, vel telchioalonj, yn jvan in qua
1427 1184 2619 1309 ujtl: auh in quauhxiuquj, monequj cen
126 1142 1340 1338 tus est: illud autem cum es
1420 1262 2623 1379 ca telchioaloz, ichica caoqujchiuh, inamo
126 1302 1385 1486 set fragile, deus cognomjnatus
1427 1327 2663 1461 monequj incenca tetlapololti: auh in qua
1437 1401 2625 1563 ujtl, cenca monequj, no telchioaloz, iehica
129 1433 1357 1613 est. B. Similiter autem odio
1429 1482 2620 1628 ca çan quaujtl, auh teutoco. B. Auh in
1435 1560 2616 1703 totecujo dios, vn tlamanjsti cenca qujmo
115 1536 1379 1730 sunt deo, impius et impietas ejus.
1436 1642 2622 1775 tlaelittilia, yntlateutocanj, yoan in tlateu
1434 1733 2601 1853 toqujliztli: in qujpeoalti tlateutoqujliz
133 1696 1351 1889 C. Et enjm quod factum est
1436 1826 2632 1941 tli, yoan in tlateutocatinemj, y mumexti
119 1850 1371 1986 cum illo quj fecit, tormenta pa
1447 1889 2600 2013 mjctlan, cemjcac tlaihiioujltilozque. C.
1440 1967 2599 2110 Jn iehoantin in diablome, oqujpeoaltique
131 1976 1352 2112 tietur. D. Propter hoc, et in
1439 2024 2585 2162 in tlateutoqujliztli, ipampa aic qujnmo
1434 2107 2598 2243 tlaoculiliz in dios: auh maciuj yn jtlachi
121 2084 1303 2268 idolis nationum non erit res
1441 2164 2612 2319 oalhoan dios, monequj cuculilozque, telchi
119 2228 1307 2383 pectus: quonjam creature dej,
1439 2254 2623 2375 oalozque, cateiztlacaujanjme, teixcuepanj
1434 2338 2618 2460 me, tetlapololtianjme. D. Jn iehoantin
117 2362 1374 2544 in odium facte sunt, et inten
1430 2408 2627 2521 vel achto oqujtzintique, intlateutoqujliz
1429 2504 2623 2605 tli, in ydolosme, ixtzinco icpactzinco, oeoa
115 2498 1355 2652 tationem anjmabus homjnū
1431 2552 2605 2695 que, onenque in dios: ic cēca omoquala
1436 2640 2608 2755 nalti in dios, ca cenca mjequjntin ic omo
123 2623 1347 2795 et in muscipulam pedibus in
1437 2704 2618 2828 tlapololtique: yn iquac otzintic cemana
1431 2780 2616 2913 oac, aiac tlateutocatinenca: auh in aia
132 2762 1358 2940 sipientium. E. Initium enj
1427 2863 2628 3000 mo tlamiz cemanaoac, puliuiz in tlateuto
1431 2935 2631 3084 qujliztli. E. Jn tlateutoqujliztli, in aquj
126 2944 1360 3119 fornicationjs, est exquisitio ido
1443 3027 2621 3152 mamatcaoaque, in xulopime, oqujtzin
117 3080 1327 3217 lorum: et adinuentio illorum
1435 3112 2614 3255 tique, in nican tlalticpac: auh ipampa
1418 3186 2594 3348 yn jntlauelilocaio, iciuhca omjcque.
117 3227 1367 3378 corruptio vitae est : ne que enjm
1430 3310 2620 3526 F. Jzcatquj in quenjn oqujpeoaltique in
123 3362 1359 3505 erant ab initio, neqz erunt in
1427 3463 2608 3599 tlaueliloque, yn aqujmatinj, yn tlateuto
119 3478 1349 3653 perpetuum. F. Superuacujtas
1438 3540 2620 3708 qujliztli. Ce tlacatl tlatoanj vnnenca ipil
107 3594 1353 3758 enjm homjnum hec ad inuenjt
1442 3644 2604 3775 tzin, çan vel izel ipiltzin, itelpuch in cē
1424 3730 2601 3858 ca qujtlaçotlaia: auh in telpuchtli, mjc:
110 3724 1368 3878 in orbem terrarum, et ideo bre
1432 3814 2589 3957 auh yn jtatzin cenca ic omotequipacho,
101 3854 1304 4014 ujs illorum finis est inuentus.
