<?xml version="1.0" encoding="UTF-8" standalone="yes"?>
<PcGts xmlns="http://schema.primaresearch.org/PAGE/gts/pagecontent/2013-07-15" xmlns:xsi="http://www.w3.org/2001/XMLSchema-instance" xsi:schemaLocation="http://schema.primaresearch.org/PAGE/gts/pagecontent/2013-07-15 http://schema.primaresearch.org/PAGE/gts/pagecontent/2013-07-15/pagecontent.xsd">
    <Metadata>
        <Creator>prov=University of Rostock/Institute of Mathematics/CITlab|PLANET AI GmbH/Gundram Leifert/gundram.leifert@planet-ai.de:name=Florentine Codex(htr_id=24784)::::v=2.6.6
prov=University of Rostock/Institute of Mathematics/CITlab|PLANET AI GmbH/Tobias Gruening/tobias.gruening@planet-ai.de:name=de.uros.citlab.module.baseline2polygon.B2PSeamMultiOriented:v=2.6.6
prov=University of Rostock/Institute of Mathematics/CITlab|PLANET AI GmbH/Tobias Gruening/tobias.gruening@planet-ai.de:name=/net_tf/LA73_249_0mod360.pb:de.uros.citlab.segmentation.CITlab_LA_ML:v=2.6.6
Transkribus</Creator>
        <Created>2020-06-23T15:23:59.534-07:00</Created>
        <LastChange>2020-06-24T08:36:32.584+02:00</LastChange>
    </Metadata>
    <Page imageFilename="FC_Vol_1_586.png" imageWidth="2170" imageHeight="3410">
        <ReadingOrder>
            <OrderedGroup id="ro_1596736970247" caption="Regions reading order">
                <RegionRefIndexed index="0" regionRef="r1"/>
                <RegionRefIndexed index="1" regionRef="r2"/>
            </OrderedGroup>
        </ReadingOrder>
        <TextRegion orientation="0.0" id="r1" custom="readingOrder {index:0;}">
            <Coords points="33,124 33,3182 1092,3182 1092,124"/>
            <TextLine id="r1l1" custom="readingOrder {index:0;}">
                <Coords points="471,188 521,185 543,204 670,183 757,208 792,189 852,188 879,178 876,55 822,59 779,34 676,27 607,66 556,69 487,33 467,37"/>
                <Baseline points="477,176 503,176 529,174 556,174 582,173 608,172 635,171 661,170 687,169 714,168 740,168 766,167 793,167 819,167 845,167 872,167"/>
                <TextEquiv>
                    <Unicode>L. ibro</Unicode>
                </TextEquiv>
            </TextLine>
            <TextLine id="r1l2" custom="readingOrder {index:1;}">
                <Coords points="35,353 131,379 231,327 294,366 374,327 472,352 601,319 774,348 1000,323 1016,259 763,230 518,267 439,237 380,270 33,254"/>
                <Baseline points="41,332 89,329 137,326 186,325 234,324 283,323 331,323 380,321 428,321 477,321 525,321 573,321 622,321 670,321 719,321 767,320 816,320 864,317 913,315 961,314 1010,311"/>
                <TextEquiv>
                    <Unicode>trologos: que estos tales, secian</Unicode>
                </TextEquiv>
            </TextLine>
            <TextLine id="r1l3" custom="readingOrder {index:2;}">
                <Coords points="47,436 351,421 420,473 532,420 767,411 814,442 993,413 991,345 864,338 46,374"/>
                <Baseline points="53,423 99,423 146,422 193,420 239,420 286,420 333,419 379,419 426,417 473,417 520,416 566,416 613,414 660,413 706,412 753,411 800,409 846,407 893,405 940,402 987,401"/>
                <TextEquiv>
                    <Unicode>enfermjzos, y muririan presto:</Unicode>
                </TextEquiv>
            </TextLine>
            <TextLine id="r1l4" custom="readingOrder {index:3;}">
                <Coords points="35,547 137,512 243,538 667,492 960,510 990,497 989,434 542,425 430,475 334,426 33,463"/>
                <Baseline points="41,515 88,512 135,509 182,507 229,506 276,504 323,503 371,503 418,503 465,501 512,501 559,501 606,501 653,501 701,500 748,499 795,498 842,497 889,494 936,493 984,489"/>
                <TextEquiv>
                    <Unicode>y si viujessen, viujrian con diuex</Unicode>
                </TextEquiv>
            </TextLine>
            <TextLine id="r1l5" custom="readingOrder {index:4;}">
                <Coords points="27,628 123,600 218,630 246,602 535,621 656,597 795,642 917,585 1005,585 1004,537 811,562 759,513 688,506 575,531 419,512 146,575 76,534 26,565"/>
                <Baseline points="33,615 81,609 129,605 177,601 226,597 274,596 322,594 371,594 419,593 467,593 516,594 564,594 612,594 660,594 709,594 757,594 805,593 854,592 902,590 950,587 999,582"/>
                <TextEquiv>
                    <Unicode>sas enfermedades. Los que en</Unicode>
                </TextEquiv>
            </TextLine>
            <TextLine id="r1l6" custom="readingOrder {index:5;}">
                <Coords points="55,746 107,724 169,756 353,687 657,684 726,727 770,682 1023,679 1022,628 52,661"/>
                <Baseline points="60,708 107,705 155,702 203,698 251,696 299,694 347,692 394,691 442,690 490,689 538,688 586,687 634,686 682,686 729,684 777,683 825,681 873,680 921,678 969,675 1017,672"/>
                <TextEquiv>
                    <Unicode>este signo nacian: baptizauan</Unicode>
                </TextEquiv>
            </TextLine>
            <TextLine id="r1l7" custom="readingOrder {index:6;}">
                <Coords points="54,819 259,834 318,800 499,838 570,782 692,777 731,812 850,767 1026,783 1023,714 980,698 936,736 678,720 405,761 329,729 178,770 52,749"/>
                <Baseline points="60,807 108,805 156,801 204,799 252,796 300,793 348,789 396,787 444,784 492,782 540,779 588,777 636,775 684,773 732,771 780,770 828,770 876,770 924,770 972,770 1020,771"/>
                <TextEquiv>
                    <Unicode>los, el dia sigujente: que se lla</Unicode>
                </TextEquiv>
            </TextLine>
            <TextLine id="r1l8" custom="readingOrder {index:7;}">
                <Coords points="53,907 346,924 513,872 784,865 824,897 1060,870 1057,807 853,766 764,826 51,855"/>
                <Baseline points="59,896 108,894 158,891 208,889 257,887 307,885 357,882 406,881 456,878 506,875 556,873 605,870 655,869 705,867 754,866 804,864 854,863 903,863 953,861 1003,861 1053,861"/>
                <TextEquiv>
                    <Unicode>ma chicome ocomatli, dezian:</Unicode>
                </TextEquiv>
            </TextLine>
            <TextLine id="r1l9" custom="readingOrder {index:8;}">
                <Coords points="58,1026 349,1012 401,969 538,956 808,970 908,944 981,981 1026,959 1021,858 754,915 267,919 55,953"/>
                <Baseline points="62,987 109,984 157,981 205,979 253,975 301,972 349,970 396,966 444,964 492,961 540,958 588,956 636,953 684,951 731,950 779,948 827,947 875,945 923,945 971,944 1019,944"/>
                <TextEquiv>
                    <Unicode>que por esto se emendaria alge</Unicode>
                </TextEquiv>
            </TextLine>
            <TextLine id="r1l10" custom="readingOrder {index:9;}">
                <Coords points="69,1112 213,1084 564,1104 738,1041 1015,1097 1010,989 856,955 762,1029 524,991 481,1028 416,993 249,1049 185,1013 65,1034"/>
                <Baseline points="74,1088 120,1085 167,1081 213,1077 260,1074 307,1070 353,1067 400,1062 447,1059 493,1056 540,1053 587,1052 633,1049 680,1049 727,1047 773,1047 820,1047 867,1048 913,1050 960,1052 1007,1055"/>
                <TextEquiv>
                    <Unicode>de la mala fortuna desu sig</Unicode>
                </TextEquiv>
            </TextLine>
            <TextLine id="r1l11" custom="readingOrder {index:10;}">
                <Coords points="69,1180 1033,1184 1030,1092 913,1106 865,1077 678,1112 479,1088 408,1121 248,1097 183,1139 67,1133"/>
                <Baseline points="75,1173 122,1171 170,1169 217,1167 265,1166 312,1164 360,1162 407,1160 455,1158 502,1157 550,1155 597,1155 645,1153 692,1152 740,1150 787,1149 835,1148 882,1146 930,1145 977,1143 1025,1142"/>
                <TextEquiv>
                    <Unicode>no, dezian: Que si hiziesse penj</Unicode>
                </TextEquiv>
            </TextLine>
            <TextLine id="r1l12" custom="readingOrder {index:11;}">
                <Coords points="57,1273 243,1264 304,1292 359,1259 630,1254 809,1289 924,1257 1002,1275 1001,1209 697,1168 434,1216 223,1188 55,1214"/>
                <Baseline points="63,1263 109,1261 156,1259 202,1256 249,1254 296,1251 342,1251 389,1250 435,1248 482,1247 529,1247 575,1245 622,1244 668,1244 715,1244 762,1242 808,1242 855,1241 901,1240 948,1239 995,1238"/>
                <TextEquiv>
                    <Unicode>tencia: por amor deste signo,</Unicode>
                </TextEquiv>
            </TextLine>
            <TextLine id="r1l13" custom="readingOrder {index:12;}">
                <Coords points="68,1367 291,1348 389,1379 570,1345 998,1369 1029,1354 1027,1250 958,1297 849,1275 698,1304 645,1262 591,1294 66,1294"/>
                <Baseline points="74,1352 121,1348 168,1346 216,1344 263,1342 311,1341 358,1341 405,1340 453,1340 500,1341 548,1341 595,1341 642,1341 690,1341 737,1340 785,1339 832,1338 879,1336 927,1333 974,1329 1022,1325"/>
                <TextEquiv>
                    <Unicode>chicome oçomatli: que la mala</Unicode>
                </TextEquiv>
            </TextLine>
            <TextLine id="r1l14" custom="readingOrder {index:13;}">
                <Coords points="79,1453 170,1426 325,1468 1008,1453 1022,1370 876,1359 816,1392 448,1362 350,1397 212,1355 79,1379"/>
                <Baseline points="86,1421 132,1422 179,1424 225,1425 272,1427 318,1428 365,1430 411,1430 458,1431 504,1432 551,1433 597,1433 644,1433 690,1431 737,1431 783,1429 830,1427 876,1425 923,1422 969,1418 1016,1413"/>
                <TextEquiv>
                    <Unicode>uentura, se le bolueria en buena.</Unicode>
                </TextEquiv>
            </TextLine>
            <TextLine id="r1l15" custom="readingOrder {index:14;}">
                <Coords points="67,1543 279,1562 729,1520 1056,1550 1066,1424 1025,1461 720,1451 644,1482 151,1433 64,1463"/>
                <Baseline points="72,1530 121,1529 171,1527 220,1526 270,1524 319,1523 369,1522 418,1521 468,1520 517,1518 567,1518 616,1517 666,1515 715,1514 765,1512 814,1511 864,1508 913,1507 963,1505 1012,1503 1062,1500"/>
                <TextEquiv>
                    <Unicode>Ala sepitima casa: llamauan chi</Unicode>
                </TextEquiv>
            </TextLine>
            <TextLine id="r1l16" custom="readingOrder {index:15;}">
                <Coords points="73,1646 392,1615 529,1639 703,1601 833,1636 873,1606 1032,1600 1033,1545 810,1560 638,1528 581,1556 532,1528 451,1563 71,1581"/>
                <Baseline points="78,1623 125,1621 173,1619 220,1617 268,1614 315,1613 363,1611 410,1610 458,1608 505,1607 553,1605 600,1604 648,1602 695,1601 743,1599 790,1598 838,1596 885,1595 933,1593 980,1591 1028,1589"/>
                <TextEquiv>
                    <Unicode>come ocomatli, dezian: que exa</Unicode>
                </TextEquiv>
            </TextLine>
            <TextLine id="r1l17" custom="readingOrder {index:16;}">
                <Coords points="81,1724 278,1701 381,1736 609,1697 656,1723 732,1693 767,1721 920,1676 1018,1697 1052,1682 1049,1614 536,1652 430,1629 373,1660 303,1617 232,1657 198,1631 77,1643"/>
                <Baseline points="86,1710 134,1709 182,1707 230,1704 278,1703 326,1701 374,1698 422,1697 470,1695 518,1694 566,1691 614,1689 662,1688 710,1686 758,1684 806,1682 854,1680 902,1679 950,1677 998,1675 1046,1673"/>
                <TextEquiv>
                    <Unicode>de bueña fortuna: porque todas</Unicode>
                </TextEquiv>
            </TextLine>
            <TextLine id="r1l18" custom="readingOrder {index:17;}">
                <Coords points="74,1811 174,1797 227,1832 356,1787 514,1811 819,1775 1015,1794 1011,1696 927,1679 759,1723 577,1698 377,1737 328,1705 71,1725"/>
                <Baseline points="80,1805 126,1800 172,1795 219,1792 265,1788 311,1787 358,1784 404,1782 450,1781 497,1779 543,1778 589,1777 636,1776 682,1775 728,1773 775,1772 821,1770 867,1767 914,1764 960,1761 1007,1758"/>
                <TextEquiv>
                    <Unicode>las septimas casas, de todos los</Unicode>
                </TextEquiv>
            </TextLine>
            <TextLine id="r1l19" custom="readingOrder {index:18;}">
                <Coords points="90,1911 231,1888 355,1926 544,1876 630,1908 691,1867 1004,1870 1053,1856 1051,1798 871,1786 717,1835 556,1800 423,1841 345,1808 306,1835 87,1834"/>
                <Baseline points="95,1880 142,1880 190,1880 237,1878 285,1878 332,1877 380,1875 427,1874 475,1872 522,1870 570,1868 618,1866 665,1863 713,1861 760,1859 808,1856 855,1854 903,1851 950,1849 998,1847 1046,1844"/>
                <TextEquiv>
                    <Unicode>signos: son de buena condicion, cē</Unicode>
                </TextEquiv>
            </TextLine>
            <TextLine id="r1l20" custom="readingOrder {index:19;}">
                <Coords points="74,1978 203,2003 335,1957 571,1993 695,1954 955,1976 1050,1948 1048,1888 925,1880 855,1913 793,1884 654,1922 567,1883 522,1921 468,1889 352,1928 73,1926"/>
                <Baseline points="80,1968 128,1967 176,1965 224,1964 272,1962 320,1961 368,1961 417,1959 465,1958 513,1958 561,1956 609,1956 657,1955 705,1953 754,1952 802,1950 850,1949 898,1948 946,1946 994,1944 1043,1941"/>
                <TextEquiv>
                    <Unicode>mo esta dicho, dezian. Que losque</Unicode>
                </TextEquiv>
            </TextLine>
            <TextLine id="r1l21" custom="readingOrder {index:20;}">
                <Coords points="86,2061 1044,2060 1028,1963 695,1954 574,2015 439,1979 342,2011 279,1983 86,2005"/>
                <Baseline points="93,2055 140,2052 187,2051 234,2049 281,2048 329,2048 376,2046 423,2046 470,2046 517,2047 565,2048 612,2048 659,2048 706,2048 753,2047 801,2046 848,2045 895,2044 942,2042 989,2039 1037,2036"/>
                <TextEquiv>
                    <Unicode>en esta casa nacian: serian pla</Unicode>
                </TextEquiv>
            </TextLine>
            <TextLine id="r1l22" custom="readingOrder {index:21;}">
                <Coords points="89,2170 212,2144 994,2155 1019,2147 1019,2074 89,2095"/>
                <Baseline points="95,2147 140,2143 186,2139 232,2138 278,2136 324,2136 370,2136 416,2136 462,2136 508,2137 554,2138 599,2139 645,2140 691,2141 737,2141 783,2141 829,2141 875,2141 921,2139 967,2136 1013,2133"/>
                <TextEquiv>
                    <Unicode>zenteros, dezidores, chocarreros,</Unicode>
                </TextEquiv>
            </TextLine>
            <TextLine id="r1l23" custom="readingOrder {index:22;}">
                <Coords points="81,2271 294,2246 525,2271 782,2229 970,2264 1030,2226 1028,2171 952,2148 897,2182 668,2169 409,2213 214,2162 169,2206 79,2213"/>
                <Baseline points="86,2256 132,2252 179,2249 226,2246 273,2243 320,2242 367,2240 413,2238 460,2237 507,2235 554,2235 601,2234 648,2234 695,2232 741,2231 788,2230 835,2229 882,2226 929,2224 976,2220 1023,2217"/>
                <TextEquiv>
                    <Unicode>truhanes, amigos de todos: y que</Unicode>
                </TextEquiv>
            </TextLine>
            <TextLine id="r1l24" custom="readingOrder {index:23;}">
                <Coords points="98,2353 795,2314 940,2348 1040,2303 1039,2260 825,2245 694,2291 622,2255 472,2257 402,2294 306,2255 204,2302 96,2298"/>
                <Baseline points="104,2346 150,2343 197,2341 243,2339 290,2336 336,2334 383,2333 429,2331 476,2330 522,2328 569,2327 615,2325 662,2324 708,2322 755,2321 801,2318 848,2315 894,2313 941,2310 987,2307 1034,2303"/>
                <TextEquiv>
                    <Unicode>con todos caben, dezian. Puesi</Unicode>
                </TextEquiv>
            </TextLine>
            <TextLine id="r1l25" custom="readingOrder {index:24;}">
                <Coords points="95,2494 214,2442 319,2436 395,2483 484,2422 592,2457 679,2417 1063,2403 1058,2325 1026,2315 883,2357 596,2337 486,2391 331,2394 262,2345 86,2352"/>
                <Baseline points="98,2445 145,2442 193,2440 241,2438 289,2434 337,2432 385,2429 432,2426 480,2424 528,2421 576,2418 624,2415 672,2411 720,2409 767,2406 815,2402 863,2399 911,2396 959,2391 1007,2388 1055,2384"/>
                <TextEquiv>
                    <Unicode>fuesse muger la que nacia en esta</Unicode>
                </TextEquiv>
            </TextLine>
            <TextLine id="r1l26" custom="readingOrder {index:25;}">
                <Coords points="102,2548 262,2581 414,2518 578,2548 774,2499 856,2526 1099,2480 1081,2423 823,2443 789,2415 746,2444 622,2427 574,2478 490,2431 393,2482 267,2438 99,2500"/>
                <Baseline points="108,2532 157,2532 206,2531 255,2528 304,2526 354,2523 403,2520 452,2517 501,2514 550,2511 600,2507 649,2504 698,2499 747,2496 796,2492 846,2489 895,2485 944,2483 993,2480 1042,2477 1092,2475"/>
                <TextEquiv>
                    <Unicode>casa: seria rica, y viujdora, y tratan</Unicode>
                </TextEquiv>
            </TextLine>
            <TextLine id="r1l27" custom="readingOrder {index:26;}">
                <Coords points="83,2613 193,2659 452,2662 536,2613 1049,2587 1046,2511 701,2513 524,2573 123,2559 82,2595"/>
                <Baseline points="90,2613 137,2614 185,2615 232,2616 280,2616 328,2615 375,2613 423,2612 471,2610 518,2607 566,2604 614,2601 661,2598 709,2595 757,2592 804,2589 852,2586 900,2583 947,2580 995,2577 1043,2576"/>
                <TextEquiv>
                    <Unicode>te: y nunca perderia su caudal.</Unicode>
                </TextEquiv>
            </TextLine>
            <TextLine id="r1l28" custom="readingOrder {index:27;}">
                <Coords points="91,2739 242,2766 376,2750 419,2707 1043,2680 1073,2668 1069,2592 747,2613 665,2666 299,2677 157,2632 87,2670"/>
                <Baseline points="96,2724 144,2721 193,2718 241,2715 290,2712 338,2709 387,2707 435,2705 484,2703 532,2700 581,2699 630,2695 678,2693 727,2690 775,2687 824,2683 872,2679 921,2675 969,2670 1018,2665 1067,2660"/>
                <TextEquiv>
                    <Unicode>Ala octaua casa: llamauan chi</Unicode>
                </TextEquiv>
            </TextLine>
            <TextLine id="r1l29" custom="readingOrder {index:28;}">
                <Coords points="110,2845 173,2860 575,2775 632,2805 818,2775 867,2811 918,2769 1070,2762 1067,2696 510,2705 263,2779 178,2746 106,2771"/>
                <Baseline points="114,2808 161,2804 209,2802 256,2799 304,2798 351,2796 399,2795 446,2793 494,2792 541,2790 589,2789 636,2786 684,2784 731,2781 779,2778 826,2776 874,2771 921,2768 969,2762 1016,2756 1064,2750"/>
                <TextEquiv>
                    <Unicode>cuey malinalli dezian: que era</Unicode>
                </TextEquiv>
            </TextLine>
            <TextLine id="r1l30" custom="readingOrder {index:29;}">
                <Coords points="87,2915 594,2876 749,2914 827,2870 1069,2871 1065,2787 968,2780 856,2819 567,2777 464,2844 304,2817 85,2853"/>
                <Baseline points="93,2907 141,2899 189,2893 238,2888 286,2884 335,2882 383,2879 431,2879 480,2877 528,2877 577,2877 625,2876 673,2876 722,2875 770,2873 819,2871 867,2868 915,2864 964,2859 1012,2852 1061,2843"/>
                <TextEquiv>
                    <Unicode>de mala condicion. Porque todas</Unicode>
                </TextEquiv>
            </TextLine>
            <TextLine id="r1l31" custom="readingOrder {index:30;}">
                <Coords points="84,3008 197,3029 311,2978 526,2998 920,2955 967,2988 1088,2948 1085,2877 965,2877 809,2934 762,2911 647,2936 573,2898 538,2929 81,2947"/>
                <Baseline points="90,2999 139,2991 189,2985 238,2980 288,2976 338,2973 387,2970 437,2969 486,2967 536,2967 586,2966 635,2966 685,2964 734,2964 784,2963 834,2961 883,2958 933,2955 982,2951 1032,2946 1082,2939"/>
                <TextEquiv>
                    <Unicode>las octauas casas: eran mal afor</Unicode>
                </TextEquiv>
            </TextLine>
            <TextLine id="r1l32" custom="readingOrder {index:31;}">
                <Coords points="108,3117 283,3067 409,3099 803,3047 1033,3059 1065,3041 1062,2970 979,3010 506,3022 440,2970 371,3020 306,2982 106,3043"/>
                <Baseline points="113,3080 160,3075 207,3071 254,3069 302,3066 349,3063 396,3062 443,3060 491,3060 538,3059 585,3059 632,3057 680,3056 727,3055 774,3054 821,3051 869,3049 916,3045 963,3042 1010,3037 1058,3032"/>
                <TextEquiv>
                    <Unicode>tunadas. La nouena casa: lla</Unicode>
                </TextEquiv>
            </TextLine>
            <TextLine id="r1l33" custom="readingOrder {index:32;}">
                <Coords points="99,3179 327,3146 1052,3155 1077,3064 906,3049 800,3105 507,3110 466,3079 390,3117 98,3125"/>
                <Baseline points="104,3162 152,3158 200,3156 249,3153 297,3152 345,3150 394,3149 442,3149 490,3149 539,3147 587,3147 635,3147 684,3147 732,3147 780,3147 829,3147 877,3146 925,3144 974,3143 1022,3141 1071,3138"/>
                <TextEquiv>
                    <Unicode>mauan, chicunavi acatl. Esta</Unicode>
                </TextEquiv>
            </TextLine>
            <TextEquiv>
                <Unicode>L. ibro
trologos: que estos tales, secian
enfermjzos, y muririan presto:
y si viujessen, viujrian con diuex
sas enfermedades. Los que en
este signo nacian: baptizauan
los, el dia sigujente: que se lla
ma chicome ocomatli, dezian:
que por esto se emendaria alge
de la mala fortuna desu sig
no, dezian: Que si hiziesse penj
tencia: por amor deste signo,
chicome oçomatli: que la mala
uentura, se le bolueria en buena.
Ala sepitima casa: llamauan chi
come ocomatli, dezian: que exa
de bueña fortuna: porque todas
las septimas casas, de todos los
signos: son de buena condicion, cē
mo esta dicho, dezian. Que losque
en esta casa nacian: serian pla
zenteros, dezidores, chocarreros,
truhanes, amigos de todos: y que
con todos caben, dezian. Puesi
fuesse muger la que nacia en esta
casa: seria rica, y viujdora, y tratan
te: y nunca perderia su caudal.
Ala octaua casa: llamauan chi
cuey malinalli dezian: que era
de mala condicion. Porque todas
las octauas casas: eran mal afor
tunadas. La nouena casa: lla
mauan, chicunavi acatl. Esta</Unicode>
            </TextEquiv>
        </TextRegion>
        <TextRegion orientation="0.0" id="r2" custom="readingOrder {index:1;}">
            <Coords points="1083,119 1083,3203 2111,3203 2111,119"/>
            <TextLine id="r2l1" custom="readingOrder {index:0;}">
                <Coords points="1275,210 1289,209 1311,226 1334,223 1378,180 1410,171 1409,55 1379,53 1358,67 1336,66 1306,85 1273,79"/>
                <Baseline points="1281,164 1311,164 1342,164 1373,162 1404,164"/>
                <TextEquiv>
                    <Unicode>q̄o</Unicode>
                </TextEquiv>
            </TextLine>
            <TextLine id="r2l2" custom="readingOrder {index:1;}">
                <Coords points="1084,327 1423,288 1638,320 1967,294 2064,256 2063,210 1981,223 1886,189 1852,221 1513,232 1442,201 1282,249 1205,224 1081,250"/>
                <Baseline points="1089,302 1137,299 1185,296 1234,293 1282,291 1331,288 1379,286 1428,284 1476,282 1525,281 1573,279 1621,278 1670,276 1718,275 1767,273 1815,272 1864,270 1912,267 1961,266 2009,264 2058,261"/>
                <TextEquiv>
                    <Unicode>qujtechioaltia, contamatzoltia: i</Unicode>
                </TextEquiv>
            </TextLine>
            <TextLine id="r2l3" custom="readingOrder {index:2;}">
                <Coords points="1087,415 1558,366 1997,367 2046,346 2045,306 1934,288 1627,320 1556,296 1085,352"/>
                <Baseline points="1092,387 1139,384 1186,382 1234,379 1281,377 1329,374 1376,371 1423,370 1471,368 1518,366 1566,365 1613,363 1660,361 1708,360 1755,358 1803,356 1850,354 1897,353 1945,350 1992,348 2040,345"/>
                <TextEquiv>
                    <Unicode>aqualli, in teicolo, in tecatzauhi, i</Unicode>
                </TextEquiv>
            </TextLine>
            <TextLine id="r2l4" custom="readingOrder {index:3;}">
                <Coords points="1089,488 2037,453 2034,376 1814,409 1733,387 1647,409 1602,377 1499,421 1300,401 1087,432"/>
                <Baseline points="1095,477 1141,474 1188,471 1235,468 1282,465 1328,463 1375,460 1422,458 1469,456 1515,455 1562,453 1609,450 1656,449 1702,447 1749,444 1796,443 1843,440 1889,438 1936,437 1983,433 2030,431"/>
                <TextEquiv>
                    <Unicode>tepaçolo, in teaujlqujxti, in taueue</Unicode>
                </TextEquiv>
            </TextLine>
            <TextLine id="r2l5" custom="readingOrder {index:4;}">
                <Coords points="1078,587 1431,574 1542,536 1823,560 1855,531 2042,530 2028,452 1939,483 1888,453 1783,496 1439,481 1381,511 1075,513"/>
                <Baseline points="1083,564 1130,561 1178,558 1225,556 1273,554 1320,552 1368,550 1415,548 1463,545 1510,543 1558,540 1606,539 1653,535 1701,533 1748,530 1796,528 1843,525 1891,521 1938,518 1986,515 2034,510"/>
                <TextEquiv>
                    <Unicode>tlaz, in teixtlaz, in teixnecujlo, mte</Unicode>
                </TextEquiv>
            </TextLine>
            <TextLine id="r2l6" custom="readingOrder {index:5;}">
                <Coords points="1078,663 1975,626 2078,576 2075,519 1929,569 1866,543 1672,590 1604,544 1075,614"/>
                <Baseline points="1083,650 1132,647 1182,644 1231,642 1281,639 1330,637 1380,636 1429,633 1479,632 1528,629 1578,627 1627,624 1677,623 1726,620 1776,617 1825,615 1875,611 1924,606 1974,603 2023,599 2073,594"/>
                <TextEquiv>
                    <Unicode>ixceuj, itaitolotlac, in tetlactoltili</Unicode>
                </TextEquiv>
            </TextLine>
            <TextLine id="r2l7" custom="readingOrder {index:6;}">
                <Coords points="1084,767 1319,727 2029,716 2009,638 1081,701"/>
                <Baseline points="1089,740 1135,735 1182,732 1228,731 1275,727 1322,725 1368,723 1415,720 1461,719 1508,717 1555,716 1601,714 1648,712 1694,710 1741,708 1788,705 1834,704 1881,701 1927,699 1974,696 2021,692"/>
                <TextEquiv>
                    <Unicode>mtepan tececenma, inteatlatzicuj</Unicode>
                </TextEquiv>
            </TextLine>
            <TextLine id="r2l8" custom="readingOrder {index:7;}">
                <Coords points="1093,854 1177,821 1259,860 1332,824 1516,842 1557,807 1687,838 1862,797 1968,807 2023,781 2021,734 1268,784 1089,766"/>
                <Baseline points="1098,819 1143,818 1189,816 1235,816 1281,815 1327,813 1373,812 1419,810 1465,809 1511,806 1557,804 1602,802 1648,801 1694,798 1740,794 1786,792 1832,790 1878,785 1924,783 1970,779 2016,776"/>
                <TextEquiv>
                    <Unicode>mj, in qujçoqujuja, i qujçoqujmo</Unicode>
                </TextEquiv>
            </TextLine>
            <TextLine id="r2l9" custom="readingOrder {index:8;}">
                <Coords points="1093,937 1419,937 1544,895 1713,899 1766,931 1933,904 2078,860 2072,768 1968,833 1865,845 1708,855 1605,820 1524,857 1088,869"/>
                <Baseline points="1098,924 1146,921 1195,917 1244,913 1292,910 1341,908 1390,905 1438,903 1487,900 1536,897 1585,896 1633,893 1682,890 1731,887 1779,883 1828,879 1877,875 1925,869 1974,863 2023,857 2072,849"/>
                <TextEquiv>
                    <Unicode>tla, i qujpopoiotilia, in qujxpopoloa</Unicode>
                </TextEquiv>
            </TextLine>
            <TextLine id="r2l10" custom="readingOrder {index:9;}">
                <Coords points="1100,1047 2036,971 2050,901 1914,928 1847,907 1740,948 1590,926 1519,961 1451,936 1331,971 1228,937 1095,972"/>
                <Baseline points="1104,1019 1151,1016 1198,1014 1245,1010 1292,1007 1340,1004 1387,1001 1434,998 1481,995 1528,992 1576,988 1623,986 1670,982 1717,978 1764,975 1812,972 1859,969 1906,966 1953,962 2000,959 2048,956"/>
                <TextEquiv>
                    <Unicode>mjtlillo, mjtlapallo tenemjliz. Po</Unicode>
                </TextEquiv>
            </TextLine>
            <TextLine id="r2l11" custom="readingOrder {index:10;}">
                <Coords points="1095,1125 1391,1096 1624,1119 1763,1071 2103,1058 2099,1008 2013,984 1928,1022 1869,995 1531,1052 1090,1049"/>
                <Baseline points="1101,1113 1150,1110 1200,1107 1250,1104 1300,1100 1349,1096 1399,1092 1449,1088 1499,1085 1548,1082 1598,1077 1648,1074 1698,1071 1747,1067 1797,1064 1847,1061 1897,1058 1946,1054 1996,1051 2046,1047 2096,1044"/>
                <TextEquiv>
                    <Unicode>ioan mjtoa: maqujnipantlacatra y,</Unicode>
                </TextEquiv>
            </TextLine>
            <TextLine id="r2l12" custom="readingOrder {index:11;}">
                <Coords points="1110,1224 1535,1186 1697,1204 2041,1148 2030,1092 1299,1154 1181,1118 1106,1157"/>
                <Baseline points="1115,1203 1163,1200 1211,1197 1260,1193 1308,1190 1356,1187 1405,1183 1453,1181 1501,1178 1550,1176 1598,1174 1647,1170 1695,1168 1743,1166 1792,1163 1840,1159 1888,1156 1937,1151 1985,1148 2034,1143"/>
                <TextEquiv>
                    <Unicode>chiquacentonalli, noqujpantiaia</Unicode>
                </TextEquiv>
            </TextLine>
            <TextLine id="r2l13" custom="readingOrder {index:12;}">
                <Coords points="1106,1309 1356,1289 1445,1312 1494,1280 1977,1266 2072,1234 2044,1166 1864,1189 1816,1224 1479,1231 1434,1207 1375,1241 1102,1242"/>
                <Baseline points="1112,1298 1159,1294 1207,1292 1255,1288 1302,1286 1350,1283 1398,1280 1445,1278 1493,1275 1541,1273 1589,1271 1636,1268 1684,1265 1732,1262 1779,1259 1827,1255 1875,1250 1922,1246 1970,1241 2018,1235 2066,1229"/>
                <TextEquiv>
                    <Unicode>mtonalpouhque, çan cocoxcanacaio</Unicode>
                </TextEquiv>
            </TextLine>
            <TextLine id="r2l14" custom="readingOrder {index:13;}">
                <Coords points="1100,1410 1579,1403 1837,1359 1930,1382 2076,1347 2072,1292 2038,1291 1727,1338 1455,1337 1407,1310 1342,1350 1097,1361"/>
                <Baseline points="1106,1404 1154,1402 1202,1398 1250,1395 1298,1392 1346,1389 1394,1386 1443,1383 1491,1379 1539,1377 1587,1373 1635,1371 1683,1367 1731,1363 1780,1360 1828,1356 1876,1352 1924,1347 1972,1342 2020,1337 2069,1332"/>
                <TextEquiv>
                    <Unicode>iez, amochicaoac, anoce cannjman</Unicode>
                </TextEquiv>
            </TextLine>
            <TextLine id="r2l15" custom="readingOrder {index:14;}">
                <Coords points="1104,1501 1709,1469 1849,1490 1922,1455 1997,1479 2043,1468 2041,1403 1790,1424 1721,1392 1683,1424 1613,1392 1556,1433 1101,1437"/>
                <Baseline points="1110,1491 1156,1488 1202,1486 1248,1484 1295,1482 1341,1480 1387,1477 1434,1475 1480,1473 1526,1470 1573,1469 1619,1467 1665,1465 1711,1463 1758,1461 1804,1458 1850,1457 1897,1455 1943,1454 1989,1452 2036,1451"/>
                <TextEquiv>
                    <Unicode>onmjctiuetzia: auh itlanemj çan</Unicode>
                </TextEquiv>
            </TextLine>
            <TextLine id="r2l16" custom="readingOrder {index:15;}">
                <Coords points="1103,1590 1391,1572 1434,1598 1563,1564 1758,1575 1796,1543 1854,1570 2085,1541 2082,1477 2022,1501 1891,1472 1776,1515 1101,1540"/>
                <Baseline points="1110,1584 1158,1581 1206,1578 1255,1575 1303,1572 1352,1569 1400,1566 1448,1565 1497,1563 1545,1560 1594,1559 1642,1557 1690,1554 1739,1553 1787,1551 1836,1548 1884,1547 1932,1544 1981,1542 2029,1538 2078,1535"/>
                <TextEquiv>
                    <Unicode>mococolinemj, iaiatinemj tetentine</Unicode>
                </TextEquiv>
            </TextLine>
            <TextLine id="r2l17" custom="readingOrder {index:16;}">
                <Coords points="1114,1691 1503,1663 1542,1692 1607,1658 1938,1678 2068,1640 2067,1604 1783,1604 1717,1569 1577,1610 1280,1582 1198,1625 1112,1621"/>
                <Baseline points="1119,1670 1166,1667 1213,1665 1260,1663 1307,1661 1354,1660 1401,1659 1448,1658 1495,1656 1542,1656 1590,1655 1637,1653 1684,1653 1731,1652 1778,1651 1825,1650 1872,1649 1919,1648 1966,1647 2013,1646 2061,1644"/>
                <TextEquiv>
                    <Unicode>mj, cōtolcatinemj, tlatlaztinemj, pi</Unicode>
                </TextEquiv>
            </TextLine>
            <TextLine id="r2l18" custom="readingOrder {index:17;}">
                <Coords points="1113,1775 2092,1770 2090,1683 2026,1672 1484,1721 1390,1691 1112,1707"/>
                <Baseline points="1119,1764 1167,1761 1215,1759 1263,1755 1312,1754 1360,1752 1408,1751 1457,1749 1505,1749 1553,1748 1602,1746 1650,1746 1698,1745 1746,1745 1795,1743 1843,1742 1891,1740 1940,1739 1988,1737 2036,1734 2085,1731"/>
                <TextEquiv>
                    <Unicode>neoatinemj, xoxoujxtinemj, iztaleoa</Unicode>
                </TextEquiv>
            </TextLine>
            <TextLine id="r2l19" custom="readingOrder {index:18;}">
                <Coords points="1111,1871 1440,1886 1603,1837 1695,1872 1828,1870 1872,1838 1969,1860 2014,1829 2080,1849 2078,1776 1694,1809 1535,1767 1491,1802 1398,1779 1171,1816 1108,1787"/>
                <Baseline points="1116,1857 1163,1856 1211,1854 1259,1853 1307,1851 1355,1850 1403,1848 1450,1847 1498,1845 1546,1845 1594,1844 1642,1842 1690,1841 1738,1838 1785,1836 1833,1834 1881,1830 1929,1829 1977,1825 2025,1821 2073,1817"/>
                <TextEquiv>
                    <Unicode>tenemj. Ecc. Auti maqujque ipan</Unicode>
                </TextEquiv>
            </TextLine>
            <TextLine id="r2l20" custom="readingOrder {index:19;}">
                <Coords points="1118,1968 2080,1936 2076,1845 1895,1891 1783,1856 1666,1897 1115,1898"/>
                <Baseline points="1124,1958 1171,1955 1218,1952 1266,1949 1313,1946 1361,1944 1408,1941 1456,1940 1503,1938 1551,1937 1598,1935 1645,1934 1693,1932 1740,1931 1788,1930 1835,1928 1883,1926 1930,1926 1978,1925 2025,1923 2073,1922"/>
                <TextEquiv>
                    <Unicode>tlacatiam, omo qualtitica tonalli,</Unicode>
                </TextEquiv>
            </TextLine>
            <TextLine id="r2l21" custom="readingOrder {index:20;}">
                <Coords points="1113,2061 1273,2046 1320,2075 1603,2036 1701,2073 1926,2026 2070,2050 2067,1947 1111,2015"/>
                <Baseline points="1119,2055 1166,2050 1213,2046 1260,2043 1307,2041 1355,2039 1402,2037 1449,2034 1496,2033 1543,2032 1591,2031 1638,2030 1685,2030 1732,2028 1779,2027 1827,2025 1874,2024 1921,2021 1968,2019 2015,2017 2063,2013"/>
                <TextEquiv>
                    <Unicode>aiamoqujmaltiaia, qujnjpan quj,</Unicode>
                </TextEquiv>
            </TextLine>
            <TextLine id="r2l22" custom="readingOrder {index:21;}">
                <Coords points="1125,2165 2079,2120 2076,2051 2029,2035 1961,2067 1624,2086 1586,2062 1510,2094 1122,2079"/>
                <Baseline points="1130,2142 1177,2141 1224,2139 1271,2138 1318,2136 1365,2135 1412,2133 1459,2132 1506,2130 1553,2129 1601,2127 1648,2126 1695,2124 1742,2121 1789,2118 1836,2117 1883,2112 1930,2109 1977,2105 2024,2102 2072,2096"/>
                <TextEquiv>
                    <Unicode>maltitiviia, in chicome ocomatli: i</Unicode>
                </TextEquiv>
            </TextLine>
            <TextLine id="r2l23" custom="readingOrder {index:22;}">
                <Coords points="1131,2248 1496,2231 1566,2278 1621,2227 1903,2235 2016,2204 2076,2256 2076,2133 1905,2173 1776,2133 1604,2183 1128,2182"/>
                <Baseline points="1137,2238 1183,2235 1230,2232 1277,2230 1324,2227 1370,2225 1417,2224 1464,2223 1511,2222 1557,2220 1604,2219 1651,2217 1698,2217 1744,2214 1791,2213 1838,2210 1885,2208 1931,2204 1978,2201 2025,2197 2072,2192"/>
                <TextEquiv>
                    <Unicode>achi vmpa, qujqualtiliaia yn jniz</Unicode>
                </TextEquiv>
            </TextLine>
            <TextLine id="r2l24" custom="readingOrder {index:23;}">
                <Coords points="1134,2348 1826,2360 1887,2314 2070,2322 2069,2256 1733,2279 1640,2252 1558,2280 1375,2244 1132,2272"/>
                <Baseline points="1140,2325 1186,2322 1232,2321 1278,2319 1324,2318 1370,2318 1416,2316 1463,2316 1509,2316 1555,2316 1601,2316 1647,2316 1693,2315 1739,2315 1786,2313 1832,2313 1878,2312 1924,2310 1970,2307 2016,2303 2063,2300"/>
                <TextEquiv>
                    <Unicode>nal, qujtoaia: itlanemjzque, aco</Unicode>
                </TextEquiv>
            </TextLine>
            <TextLine id="r2l25" custom="readingOrder {index:24;}">
                <Coords points="1139,2434 1565,2428 1621,2460 1677,2431 2103,2437 2101,2340 1711,2382 1531,2341 1474,2378 1231,2353 1138,2383"/>
                <Baseline points="1146,2426 1193,2421 1241,2418 1288,2417 1336,2415 1383,2415 1431,2415 1478,2415 1526,2415 1573,2417 1621,2417 1668,2417 1716,2417 1763,2417 1811,2415 1858,2414 1906,2410 1953,2406 2001,2400 2048,2394 2096,2387"/>
                <TextEquiv>
                    <Unicode>itlamaceoaliztica cuepiz, mopatiaz</Unicode>
                </TextEquiv>
            </TextLine>
            <TextLine id="r2l26" custom="readingOrder {index:25;}">
                <Coords points="1148,2546 1204,2528 1251,2559 1352,2515 1457,2545 1627,2517 1807,2546 1860,2515 2079,2508 2052,2441 1463,2478 1406,2437 1146,2449"/>
                <Baseline points="1154,2525 1199,2522 1245,2519 1291,2517 1337,2516 1383,2514 1429,2514 1475,2513 1521,2513 1567,2513 1613,2513 1658,2511 1704,2511 1750,2511 1796,2509 1842,2507 1888,2505 1934,2502 1980,2499 2026,2494 2072,2489"/>
                <TextEquiv>
                    <Unicode>m aqualli ipam otlacatque, oieco</Unicode>
                </TextEquiv>
            </TextLine>
            <TextLine id="r2l27" custom="readingOrder {index:26;}">
                <Coords points="1152,2643 1444,2623 1590,2656 1637,2622 2042,2623 2117,2584 2115,2533 2066,2552 1966,2519 1915,2557 1601,2538 1556,2571 1380,2528 1275,2591 1149,2545"/>
                <Baseline points="1157,2616 1204,2616 1252,2616 1300,2616 1347,2616 1395,2618 1443,2616 1490,2616 1538,2616 1586,2616 1634,2615 1681,2613 1729,2612 1777,2610 1824,2607 1872,2604 1920,2601 1967,2597 2015,2591 2063,2585 2111,2579"/>
                <TextEquiv>
                    <Unicode>que, otlalticpac qujzque, oxotlaque.</Unicode>
                </TextEquiv>
            </TextLine>
            <TextLine id="r2l28" custom="readingOrder {index:27;}">
                <Coords points="1151,2727 1788,2751 2109,2706 2106,2614 1932,2650 1821,2626 1767,2661 1388,2624 1308,2677 1227,2631 1149,2646"/>
                <Baseline points="1157,2717 1204,2715 1251,2715 1298,2714 1346,2714 1393,2715 1440,2715 1487,2715 1535,2717 1582,2717 1629,2717 1676,2715 1724,2715 1771,2714 1818,2711 1865,2709 1913,2705 1960,2700 2007,2696 2054,2689 2102,2681"/>
                <TextEquiv>
                    <Unicode>oitzmolinque, otzicueoaque, otlapā</Unicode>
                </TextEquiv>
            </TextLine>
            <TextLine id="r2l29" custom="readingOrder {index:28;}">
                <Coords points="1151,2838 1336,2803 1517,2868 1608,2822 2053,2808 2065,2712 1836,2777 1598,2751 1527,2779 1461,2726 1408,2747 1378,2722 1301,2785 1150,2764"/>
                <Baseline points="1157,2810 1202,2808 1247,2808 1292,2810 1337,2810 1382,2811 1427,2811 1473,2813 1518,2813 1563,2814 1608,2814 1653,2814 1698,2814 1743,2813 1789,2811 1834,2808 1879,2806 1924,2802 1969,2796 2014,2789 2060,2781"/>
                <TextEquiv>
                    <Unicode>que. Auh in chicome ocomatli:</Unicode>
                </TextEquiv>
            </TextLine>
            <TextLine id="r2l30" custom="readingOrder {index:29;}">
                <Coords points="1155,2957 1272,2907 1438,2955 1485,2918 1660,2919 1748,2965 1840,2911 1929,2927 2100,2882 2097,2795 1779,2872 1612,2822 1501,2874 1152,2863"/>
                <Baseline points="1160,2913 1206,2912 1253,2910 1299,2910 1346,2910 1393,2910 1439,2910 1486,2912 1533,2912 1579,2913 1626,2913 1673,2913 1719,2912 1766,2910 1813,2908 1859,2904 1906,2900 1953,2894 1999,2886 2046,2877 2093,2867"/>
                <TextEquiv>
                    <Unicode>cenca qujqualittaia, ypampa in</Unicode>
                </TextEquiv>
            </TextLine>
            <TextLine id="r2l31" custom="readingOrder {index:30;}">
                <Coords points="1154,3007 1243,2991 1308,3035 1378,3006 1632,3021 1714,2985 1747,3011 1989,3009 2094,2966 2092,2889 1736,2967 1679,2935 1621,2962 1424,2963 1371,2930 1342,2960 1246,2932 1152,2954"/>
                <Baseline points="1160,2993 1206,2994 1252,2994 1299,2996 1345,2997 1392,2999 1438,3000 1484,3000 1531,3002 1577,3002 1624,3002 1670,3000 1716,3000 1763,2997 1809,2995 1856,2991 1902,2987 1948,2982 1995,2976 2041,2969 2088,2961"/>
                <TextEquiv>
                    <Unicode>iuh mjieccan omjto mehicometi</Unicode>
                </TextEquiv>
            </TextLine>
            <TextLine id="r2l32" custom="readingOrder {index:31;}">
                <Coords points="1160,3092 1485,3101 1520,3128 1788,3084 1979,3097 2079,3057 2079,3013 1800,3004 1707,3056 1647,3016 1602,3049 1517,3012 1411,3056 1159,3004"/>
                <Baseline points="1166,3077 1211,3079 1256,3081 1302,3084 1347,3086 1392,3089 1438,3090 1483,3091 1528,3092 1574,3092 1619,3093 1664,3092 1710,3091 1755,3090 1800,3088 1846,3086 1891,3082 1936,3078 1982,3074 2027,3067 2073,3062"/>
                <TextEquiv>
                    <Unicode>oaia tonalli: qujlmach itlatoala</Unicode>
                </TextEquiv>
            </TextLine>
            <TextLine id="r2l33" custom="readingOrder {index:32;}">
                <Coords points="1172,3174 1438,3212 2112,3168 2094,3094 2002,3123 1964,3091 1870,3092 1748,3143 1611,3110 1483,3153 1291,3090 1171,3087"/>
                <Baseline points="1178,3159 1224,3162 1270,3167 1317,3171 1363,3173 1410,3175 1456,3178 1502,3180 1549,3180 1595,3182 1642,3182 1688,3181 1734,3180 1781,3178 1827,3176 1874,3172 1920,3169 1966,3165 2013,3159 2059,3153 2106,3146"/>
                <TextEquiv>
                    <Unicode>in chicome coatl, mjxiptla tonaca</Unicode>
                </TextEquiv>
            </TextLine>
            <TextEquiv>
                <Unicode>q̄o
qujtechioaltia, contamatzoltia: i
aqualli, in teicolo, in tecatzauhi, i
tepaçolo, in teaujlqujxti, in taueue
tlaz, in teixtlaz, in teixnecujlo, mte
ixceuj, itaitolotlac, in tetlactoltili
mtepan tececenma, inteatlatzicuj
mj, in qujçoqujuja, i qujçoqujmo
tla, i qujpopoiotilia, in qujxpopoloa
mjtlillo, mjtlapallo tenemjliz. Po
ioan mjtoa: maqujnipantlacatra y,
chiquacentonalli, noqujpantiaia
mtonalpouhque, çan cocoxcanacaio
iez, amochicaoac, anoce cannjman
onmjctiuetzia: auh itlanemj çan
mococolinemj, iaiatinemj tetentine
mj, cōtolcatinemj, tlatlaztinemj, pi
neoatinemj, xoxoujxtinemj, iztaleoa
tenemj. Ecc. Auti maqujque ipan
tlacatiam, omo qualtitica tonalli,
aiamoqujmaltiaia, qujnjpan quj,
maltitiviia, in chicome ocomatli: i
achi vmpa, qujqualtiliaia yn jniz
nal, qujtoaia: itlanemjzque, aco
itlamaceoaliztica cuepiz, mopatiaz
m aqualli ipam otlacatque, oieco
que, otlalticpac qujzque, oxotlaque.
oitzmolinque, otzicueoaque, otlapā
que. Auh in chicome ocomatli:
cenca qujqualittaia, ypampa in
iuh mjieccan omjto mehicometi
oaia tonalli: qujlmach itlatoala
in chicome coatl, mjxiptla tonaca</Unicode>
            </TextEquiv>
        </TextRegion>
    </Page>
</PcGts>
