2572 3926
408 -23 951 172 de la fiesta
72 185 1203 295 tambien, entodas las casas, de los dueños
77 268 1205 370 dellas, in censauan atodas las estatuas
79 338 1186 447 delos dioses, que ensus casas tenjan: a
78 408 1180 520 cabado de incensar, echauan las brasas
73 505 1167 581 en vn hogar redondo, dos palmos, o casi
75 570 1167 647 alto de tierra, que estaua en medio
73 628 1165 738 del patio, al qual llamauan tlexictli
60 702 1161 811 Enesta fiesta todas las donzellas, se a
57 808 1193 906 feytauan las caras: y componjan con
72 878 1167 977 pluma colorada, los braços y las pier
73 948 1147 1075 nas: y lleuauan todas vnos papeles
58 1029 1162 1132 puestos en vnas cañas hendidas, que
78 1108 1175 1215 llamauan teteujtl: el papel era pinta
85 1180 1186 1303 do con tinta: otras que eran hijas, de
50 1292 1204 1394 señores, o de personas ricas, no lleuauā
65 1349 1185 1477 papel, sino vnas mantas delgadas, q̄
76 1447 1189 1549 llamauan canaoac: tambien las ma
76 1539 1165 1651 tas, yuan pintadas de neoro, ama
75 1579 1180 1686 nera de virgulas, de alto abaxo: lle
78 1682 1176 1775 uando en las manos estas cañas, con
70 1766 1177 1875 sus papeles, o mantas altas: anda
73 1840 1162 1960 uan la procesion, con la otra gente
74 1901 1180 2030 a honrra deste dios. Y tambien bay
85 1989 1196 2091 lauan estas donzellas, con sus cañas
69 2078 1184 2190 y papeles, assidas com ambas manos
87 2161 1174 2292 enderredor del fogon, sobre eh qual,
89 2245 1153 2376 estauan dos escuderos, teñjdas las
90 2332 1188 2472 caras con tinta, y trayan acuestas
83 2414 1185 2559 vnas como jaulas, hechas de tea, en
74 2492 1204 2621 las orillas de las quales, yuan hinca
73 2582 1169 2701 das vnas banderitas de papel: y lle
74 2663 1179 2783 uauanlas acuestas, no assidas de la
55 2731 1206 2868 frente, como las cargas, de los hombres
58 2794 1207 2920 sino atadas de los pechos, como suelen
55 2890 1198 3037 lleuar las cargas, las mugeres: estos al re
64 2969 1204 3118 dedor del fogon, enlo alto qujauan la
62 3074 1180 3187 dança, de las mugeres baylando, al
70 3128 1193 3261 modo que ellas baylan. Tambien los sa
70 3207 1169 3330 trapas del templo, dançauan tambi
73 3290 1183 3418 en con las mugeres, ellos y ellas bayla
61 3373 1187 3492 do, saltauan: y llamauan aeste ba
61 3437 1192 3565 yle toxcachocholoa, quiere dezir, sal
55 3534 1199 3642 tar o baylar de la fiesta de toxcatl: llo
74 3586 1206 3741 uauan los satrapas, vnas rodaxas de
1530 -2 1929 155 Toxcatl:
2233 53 2489 181 fo. 36.
1274 185 2365 316 can no yoan intechachan, inteca
1262 281 2389 432 calpulco, popochujlo in ixqujchtin
1271 419 2300 526 in teteuoan inpan qujnmatia.
1273 501 2386 631 Auh yn oconiauhque tletl, njmā
1252 586 2360 743 ie ic contema, tlexicco: auh in ci
1260 721 2364 846 oa ichpopuchti, moxaoaia, mo
1255 810 2362 960 potonjaia tlapaliujtica: yoan in
1275 931 2374 1043 teteuh, acatica qujquappachoa,
1279 1043 2345 1143 tliltica tlacujlolli, motocaiotia
1273 1123 2321 1271 acaxilquj: auh in motlacamati,
1272 1236 2402 1381 canaoac ynjc qujquappachoa:
1282 1345 2376 1497 çan no acaxilquj ynjc tlacujlo
1258 1474 2364 1585 lli. Auh vmentin intiachcaoa
1261 1579 2348 1740 mixtlilpopotzque, haco manj
1271 1705 2373 1825 tlexictli ixpan, qujiacatitima
1266 1795 2405 1932 nj ococalli in qujmama amapa
1271 1899 2383 2041 paiocatotonti, çan quel pan ma
1274 2001 2385 2138 ma, qujnpeoaltilia yn cioa inne
1272 2084 2417 2207 totiliztli, ynjc mjtotia chocholoa,
1281 2186 2344 2336 çan mocioaittotia: auh incioa
1281 2312 2366 2443 can tlattic inmanj, yn jnteteuh
1273 2414 2410 2552 coomemauja, qujtotitimanj, cho
1277 2516 2350 2650 cholotimanj: auh in tlamacaz
1271 2627 2383 2780 que no mjhtotia, mitoa toxca
1267 2722 2364 2884 cho choloa: ama ixquatechima
1269 2836 2376 2952 letimanj, amaixquatechima
1261 2941 2344 3099 leque, moquaquapotonja iz
1276 3046 2382 3194 tac totolivitica: yoan moteten
1274 3159 2361 3265 necuvia tetentzotltintiuj, yma
1266 3251 2376 3409 mamaxtli, yoan intzatzanato
1273 3344 2373 3505 pil,tzanaivitl, in iuhquj yteco
1264 3475 2354 3596 maio, auh yn itzinteloloio, çan
1261 3563 2407 3688 no tzanaivitl; nomotocaiotia ycuj
1274 3658 2383 3774 tlacuchcho, in tzanatopilli. Auh
