<?xml version="1.0" encoding="UTF-8" standalone="yes"?>
<PcGts xmlns="http://schema.primaresearch.org/PAGE/gts/pagecontent/2013-07-15" xmlns:xsi="http://www.w3.org/2001/XMLSchema-instance" xsi:schemaLocation="http://schema.primaresearch.org/PAGE/gts/pagecontent/2013-07-15 http://schema.primaresearch.org/PAGE/gts/pagecontent/2013-07-15/pagecontent.xsd">
    <Metadata>
        <Creator>prov=University of Rostock/Institute of Mathematics/CITlab|PLANET AI GmbH/Gundram Leifert/gundram.leifert@planet-ai.de:name=Florentine Codex(htr_id=24784)::::v=2.6.6
prov=University of Rostock/Institute of Mathematics/CITlab|PLANET AI GmbH/Tobias Gruening/tobias.gruening@planet-ai.de:name=de.uros.citlab.module.baseline2polygon.B2PSeamMultiOriented:v=2.6.6
prov=University of Rostock/Institute of Mathematics/CITlab|PLANET AI GmbH/Tobias Gruening/tobias.gruening@planet-ai.de:name=/net_tf/LA73_249_0mod360.pb:de.uros.citlab.segmentation.CITlab_LA_ML:v=2.6.6
Transkribus</Creator>
        <Created>2020-06-23T15:24:05.946-07:00</Created>
        <LastChange>2020-06-24T09:03:03.490+02:00</LastChange>
    </Metadata>
    <Page imageFilename="FC_Vol_1_680.png" imageWidth="2734" imageHeight="4182">
        <ReadingOrder>
            <OrderedGroup id="ro_1596736976788" caption="Regions reading order">
                <RegionRefIndexed index="0" regionRef="r1"/>
                <RegionRefIndexed index="1" regionRef="r2"/>
            </OrderedGroup>
        </ReadingOrder>
        <TextRegion orientation="0.0" id="r1" custom="readingOrder {index:0;}">
            <Coords points="18,87 18,4018 1322,4018 1322,87"/>
            <TextLine id="r1l1" custom="readingOrder {index:0;}">
                <Coords points="1070,179 1094,174 1123,191 1162,177 1196,182 1227,173 1238,182 1257,167 1278,172 1276,62 1242,67 1227,60 1180,14 1120,7 1110,-3 1086,8 1066,3"/>
                <Baseline points="1077,147 1104,144 1131,143 1159,143 1186,143 1214,144 1241,143 1269,138"/>
                <TextEquiv>
                    <Unicode>libiq.</Unicode>
                </TextEquiv>
            </TextLine>
            <TextLine id="r1l2" custom="readingOrder {index:1;}">
                <Coords points="49,338 634,367 677,328 774,365 887,322 1036,358 1279,329 1278,250 1218,210 982,244 843,204 629,249 339,188 280,239 49,229"/>
                <Baseline points="57,323 117,323 178,323 239,323 299,323 360,323 421,324 481,324 542,324 603,324 664,324 724,324 785,324 846,323 906,323 967,321 1028,320 1088,318 1149,315 1210,313 1271,309"/>
                <TextEquiv>
                    <Unicode>nada desto: porque enbreutsabre</Unicode>
                </TextEquiv>
            </TextLine>
            <TextLine id="r1l3" custom="readingOrder {index:2;}">
                <Coords points="48,452 476,483 863,451 965,493 1277,469 1278,375 48,377"/>
                <Baseline points="56,434 116,434 177,435 237,435 298,437 359,438 419,440 480,440 541,441 601,443 662,443 723,444 783,444 844,444 905,444 965,444 1026,443 1087,441 1147,439 1208,437 1269,434"/>
                <TextEquiv>
                    <Unicode>mos, por experiencia, loque nos</Unicode>
                </TextEquiv>
            </TextLine>
            <TextLine id="r1l4" custom="readingOrder {index:3;}">
                <Coords points="48,572 1255,595 1255,484 1221,477 1129,505 803,465 703,526 590,456 364,499 208,452 48,488"/>
                <Baseline points="57,555 116,554 176,554 235,554 295,555 354,557 414,558 473,559 533,560 592,561 652,563 711,563 771,563 830,563 890,563 949,561 1009,558 1068,555 1128,551 1187,545 1247,539"/>
                <TextEquiv>
                    <Unicode>ade acontescer, al tiempo, que</Unicode>
                </TextEquiv>
            </TextLine>
            <TextLine id="r1l5" custom="readingOrder {index:4;}">
                <Coords points="58,684 195,745 434,691 647,750 1054,708 1271,757 1270,602 1148,622 1029,564 824,631 685,581 581,624 57,611"/>
                <Baseline points="65,683 124,681 184,681 244,680 304,680 364,681 424,681 484,683 544,683 604,684 664,684 723,686 783,686 843,686 903,685 963,684 1023,681 1083,680 1143,676 1203,672 1263,666"/>
                <TextEquiv>
                    <Unicode>vioremos, si algun mal nos a</Unicode>
                </TextEquiv>
            </TextLine>
            <TextLine id="r1l6" custom="readingOrder {index:5;}">
                <Coords points="54,859 355,814 475,858 892,868 1145,814 1235,863 1263,740 1040,708 972,753 635,766 519,712 228,749 122,704 54,747"/>
                <Baseline points="62,806 121,807 181,807 240,809 300,810 360,812 419,812 479,813 538,813 598,813 658,813 717,813 777,813 836,813 896,813 956,812 1015,812 1075,810 1134,809 1194,807 1254,804"/>
                <TextEquiv>
                    <Unicode>de acontescer: entonce llorare</Unicode>
                </TextEquiv>
            </TextLine>
            <TextLine id="r1l7" custom="readingOrder {index:6;}">
                <Coords points="55,930 585,984 673,928 773,964 846,921 1074,993 1166,921 1303,948 1303,845 54,859"/>
                <Baseline points="63,918 124,921 186,922 247,924 309,926 371,926 432,927 494,927 556,929 617,929 679,929 741,927 802,927 864,926 926,924 987,924 1049,922 1111,920 1172,918 1234,915 1296,912"/>
                <TextEquiv>
                    <Unicode>mos todos: porque esta es lagloria,</Unicode>
                </TextEquiv>
            </TextLine>
            <TextLine id="r1l8" custom="readingOrder {index:7;}">
                <Coords points="57,1099 151,1036 397,1089 506,1033 826,1032 1013,1084 1093,1038 1287,1036 1287,952 1224,937 1074,994 904,951 734,1002 378,995 175,931 58,976"/>
                <Baseline points="65,1028 125,1029 186,1032 246,1034 307,1035 368,1037 428,1038 489,1039 550,1040 610,1040 671,1041 732,1041 792,1041 853,1041 914,1041 974,1040 1035,1040 1096,1038 1156,1037 1217,1035 1278,1034"/>
                <TextEquiv>
                    <Unicode>y fama que emos de dar, y dexar</Unicode>
                </TextEquiv>
            </TextLine>
            <TextLine id="r1l9" custom="readingOrder {index:8;}">
                <Coords points="61,1152 218,1142 270,1181 448,1136 787,1185 1234,1159 1262,1047 1092,1038 940,1096 858,1040 709,1031 600,1082 62,1092"/>
                <Baseline points="69,1139 128,1137 187,1137 246,1137 306,1138 365,1139 424,1140 483,1141 543,1142 602,1143 661,1145 720,1145 780,1146 839,1146 898,1146 957,1146 1017,1145 1076,1145 1135,1142 1194,1139 1254,1137"/>
                <TextEquiv>
                    <Unicode>a nuestros mayores, y señores: los</Unicode>
                </TextEquiv>
            </TextLine>
            <TextLine id="r1l10" custom="readingOrder {index:9;}">
                <Coords points="56,1246 697,1251 800,1306 878,1265 1025,1298 1105,1252 1279,1263 1281,1151 798,1192 692,1152 521,1190 401,1149 57,1170"/>
                <Baseline points="65,1233 125,1236 185,1238 245,1239 306,1241 366,1243 426,1245 487,1247 547,1248 607,1250 668,1251 728,1251 788,1253 848,1253 909,1253 969,1253 1029,1253 1090,1253 1150,1251 1210,1250 1271,1248"/>
                <TextEquiv>
                    <Unicode>mercaderes nobles, y de grande</Unicode>
                </TextEquiv>
            </TextLine>
            <TextLine id="r1l11" custom="readingOrder {index:10;}">
                <Coords points="67,1407 1251,1388 1270,1302 536,1274 358,1312 162,1260 67,1310"/>
                <Baseline points="75,1373 134,1370 193,1368 253,1367 312,1367 371,1365 431,1365 490,1365 549,1367 609,1367 668,1367 727,1368 787,1368 846,1370 905,1370 965,1370 1024,1370 1083,1368 1143,1367 1202,1365 1262,1364"/>
                <TextEquiv>
                    <Unicode>estima, de donde decendemos:</Unicode>
                </TextEquiv>
            </TextLine>
            <TextLine id="r1l12" custom="readingOrder {index:11;}">
                <Coords points="945,1422 970,1422 986,1439 1009,1428 1030,1446 1064,1431 1156,1426 1191,1453 1234,1425 1269,1442 1330,1428 1330,1386 1214,1377 1201,1390 1138,1390 1112,1375 1010,1384 983,1369 945,1396"/>
                <Baseline points="953,1421 979,1423 1005,1424 1032,1427 1058,1427 1084,1428 1111,1429 1137,1430 1163,1430 1190,1430 1216,1430 1242,1430 1269,1430 1295,1430 1322,1431"/>
                <TextEquiv>
                    <Unicode>les primgeros</Unicode>
                </TextEquiv>
            </TextLine>
            <TextLine id="r1l13" custom="readingOrder {index:12;}">
                <Coords points="64,1528 311,1531 385,1488 484,1526 829,1492 1224,1531 1272,1522 1271,1417 1024,1453 865,1385 710,1435 522,1386 357,1446 271,1408 63,1441"/>
                <Baseline points="72,1494 131,1490 191,1488 250,1484 310,1482 369,1481 429,1479 488,1478 548,1478 607,1476 667,1476 727,1476 786,1476 846,1476 905,1476 965,1478 1024,1478 1084,1478 1143,1478 1203,1479 1263,1479"/>
                <TextEquiv>
                    <Unicode>porque no somos nosotros, nj los</Unicode>
                </TextEquiv>
            </TextLine>
            <TextLine id="r1l14" custom="readingOrder {index:13;}">
                <Coords points="60,1633 169,1589 477,1620 535,1585 758,1608 894,1574 1024,1651 1120,1588 1259,1584 1259,1519 1026,1497 918,1530 822,1494 729,1546 59,1538"/>
                <Baseline points="68,1599 127,1595 186,1592 245,1589 304,1587 363,1585 422,1584 482,1584 541,1583 600,1583 659,1583 718,1584 777,1584 836,1584 896,1584 955,1584 1014,1584 1073,1584 1132,1583 1191,1581 1251,1580"/>
                <TextEquiv>
                    <Unicode>postreros, aqujen estas cosas an a</Unicode>
                </TextEquiv>
            </TextLine>
            <TextLine id="r1l15" custom="readingOrder {index:14;}">
                <Coords points="60,1699 333,1690 461,1734 932,1688 1198,1747 1304,1719 1305,1633 991,1649 917,1599 790,1649 512,1624 432,1672 307,1594 61,1635"/>
                <Baseline points="69,1686 130,1688 191,1689 253,1690 314,1691 375,1692 437,1694 498,1694 559,1695 621,1695 682,1697 743,1697 805,1698 866,1698 927,1700 989,1700 1050,1701 1111,1701 1173,1702 1234,1703 1296,1703"/>
                <TextEquiv>
                    <Unicode>contecido, que muchos antes que</Unicode>
                </TextEquiv>
            </TextLine>
            <TextLine id="r1l16" custom="readingOrder {index:15;}">
                <Coords points="62,1863 210,1804 433,1846 492,1803 677,1835 806,1798 918,1847 1111,1803 1193,1835 1265,1817 1266,1713 1198,1746 1056,1697 467,1740 220,1697 169,1740 64,1737"/>
                <Baseline points="71,1788 130,1791 189,1794 248,1796 308,1799 367,1801 426,1803 486,1805 545,1806 604,1807 664,1808 723,1809 782,1809 841,1809 901,1809 960,1809 1019,1809 1079,1809 1138,1809 1197,1808 1257,1808"/>
                <TextEquiv>
                    <Unicode>nosotros, y muchos despues de</Unicode>
                </TextEquiv>
            </TextLine>
            <TextLine id="r1l17" custom="readingOrder {index:16;}">
                <Coords points="61,1938 515,1938 578,1984 640,1935 1222,1952 1282,1934 1283,1837 613,1870 385,1815 320,1868 220,1812 61,1865"/>
                <Baseline points="69,1911 129,1915 189,1919 249,1923 310,1926 370,1928 430,1929 490,1931 551,1931 611,1932 671,1932 731,1931 792,1931 852,1929 912,1929 972,1928 1033,1926 1093,1925 1153,1923 1213,1922 1274,1920"/>
                <TextEquiv>
                    <Unicode>nosotros, les aconteceran, semejā</Unicode>
                </TextEquiv>
            </TextLine>
            <TextLine id="r1l18" custom="readingOrder {index:17;}">
                <Coords points="58,2029 281,2095 376,2037 444,2096 622,2052 756,2096 827,2047 930,2097 1015,2049 1298,2067 1300,1983 1008,1987 964,1947 871,1993 773,1960 436,1990 346,1947 224,1990 60,1938"/>
                <Baseline points="66,2018 127,2024 188,2028 249,2032 310,2036 371,2039 432,2042 494,2043 555,2045 616,2046 677,2048 738,2049 799,2049 860,2051 922,2051 983,2052 1044,2052 1105,2053 1166,2054 1227,2055 1289,2057"/>
                <TextEquiv>
                    <Unicode>tes casos: y por esto esforcaos, co</Unicode>
                </TextEquiv>
            </TextLine>
            <TextLine id="r1l19" custom="readingOrder {index:18;}">
                <Coords points="60,2161 345,2147 585,2196 686,2156 769,2221 878,2183 989,2223 1297,2192 1299,2108 1200,2093 800,2063 713,2102 622,2067 406,2095 352,2050 275,2097 63,2035"/>
                <Baseline points="69,2130 130,2137 191,2142 252,2147 313,2151 374,2154 435,2157 496,2159 557,2160 618,2161 679,2162 740,2162 801,2163 862,2163 923,2163 984,2163 1045,2163 1106,2165 1167,2165 1228,2166 1289,2168"/>
                <TextEquiv>
                    <Unicode>mo valientes hombres, hijos mjos.</Unicode>
                </TextEquiv>
            </TextLine>
            <TextLine id="r1l20" custom="readingOrder {index:19;}">
                <Coords points="51,2295 163,2276 359,2328 577,2286 639,2333 787,2278 909,2333 1106,2264 1300,2290 1300,2211 1240,2199 969,2225 876,2186 703,2236 551,2225 433,2156 52,2158"/>
                <Baseline points="59,2276 120,2277 182,2279 243,2280 305,2282 367,2282 428,2283 490,2283 552,2285 613,2285 675,2285 737,2285 798,2285 860,2283 922,2283 983,2283 1045,2282 1107,2280 1168,2280 1230,2279 1292,2277"/>
                <TextEquiv>
                    <Unicode>ydonde qujera que llegauan ador</Unicode>
                </TextEquiv>
            </TextLine>
            <TextLine id="r1l21" custom="readingOrder {index:20;}">
                <Coords points="56,2395 635,2399 782,2449 1294,2412 1295,2326 1107,2264 941,2332 824,2288 638,2333 586,2292 379,2333 58,2305"/>
                <Baseline points="65,2382 126,2385 187,2388 248,2390 309,2393 370,2394 431,2396 492,2399 553,2399 614,2400 675,2402 736,2402 797,2403 858,2403 919,2405 980,2405 1041,2405 1102,2406 1163,2406 1224,2406 1286,2406"/>
                <TextEquiv>
                    <Unicode>mjr aquel dia: ora fuesse de baxo</Unicode>
                </TextEquiv>
            </TextLine>
            <TextLine id="r1l22" custom="readingOrder {index:21;}">
                <Coords points="50,2526 153,2507 247,2558 311,2520 550,2527 647,2564 728,2519 1175,2542 1273,2533 1276,2421 759,2456 512,2401 422,2454 278,2400 180,2456 109,2409 52,2439"/>
                <Baseline points="59,2499 119,2501 179,2503 239,2505 300,2507 360,2508 420,2510 481,2511 541,2513 601,2514 662,2516 722,2517 782,2519 842,2519 903,2520 963,2520 1023,2521 1084,2522 1144,2522 1204,2522 1265,2522"/>
                <TextEquiv>
                    <Unicode>de algun arbol o debaxo de al</Unicode>
                </TextEquiv>
            </TextLine>
            <TextLine id="r1l23" custom="readingOrder {index:22;}">
                <Coords points="54,2664 1262,2658 1293,2536 937,2579 766,2532 676,2576 313,2525 55,2567"/>
                <Baseline points="62,2613 123,2613 184,2615 245,2615 306,2617 367,2618 428,2621 489,2622 550,2624 611,2625 673,2627 734,2628 795,2630 856,2631 917,2631 978,2631 1039,2631 1100,2631 1161,2630 1222,2627 1284,2624"/>
                <TextEquiv>
                    <Unicode>guna lapa, o en alguna cueua: lue</Unicode>
                </TextEquiv>
            </TextLine>
            <TextLine id="r1l24" custom="readingOrder {index:23;}">
                <Coords points="90,2725 528,2706 775,2736 841,2789 1033,2746 1281,2781 1284,2673 1146,2642 915,2685 92,2646"/>
                <Baseline points="98,2729 156,2726 215,2723 274,2723 333,2721 392,2723 451,2724 509,2726 568,2727 627,2730 686,2733 745,2736 804,2739 863,2741 921,2742 980,2744 1039,2745 1098,2744 1157,2744 1216,2741 1275,2738"/>
                <TextEquiv>
                    <Unicode>do iuntauan todos sus bordonos,</Unicode>
                </TextEquiv>
            </TextLine>
            <TextLine id="r1l25" custom="readingOrder {index:24;}">
                <Coords points="51,2840 710,2843 806,2885 1149,2849 1283,2884 1285,2782 686,2785 484,2712 52,2788"/>
                <Baseline points="59,2838 119,2837 180,2835 241,2835 302,2835 363,2837 423,2837 484,2838 545,2838 606,2840 667,2841 727,2843 788,2844 849,2846 910,2847 971,2849 1031,2850 1092,2852 1153,2852 1214,2853 1275,2853"/>
                <TextEquiv>
                    <Unicode>o cañas de camjno que lleuauan,</Unicode>
                </TextEquiv>
            </TextLine>
            <TextLine id="r1l26" custom="readingOrder {index:25;}">
                <Coords points="51,2990 294,2944 901,2967 1004,2925 1053,2969 1278,2969 1260,2882 1139,2904 952,2847 809,2885 712,2842 52,2868"/>
                <Baseline points="60,2952 120,2949 180,2946 241,2945 301,2945 362,2943 422,2943 483,2943 543,2945 604,2945 664,2946 724,2948 785,2948 845,2949 906,2951 966,2951 1027,2952 1087,2952 1148,2954 1208,2953 1269,2952"/>
                <TextEquiv>
                    <Unicode>y los atauan todos iuntos en vna</Unicode>
                </TextEquiv>
            </TextLine>
            <TextLine id="r1l27" custom="readingOrder {index:26;}">
                <Coords points="42,3096 740,3068 980,3111 1028,3069 1157,3125 1319,3068 1305,2984 988,3002 828,2954 422,2994 218,2960 43,3024"/>
                <Baseline points="51,3063 114,3060 177,3058 240,3056 303,3054 366,3054 429,3054 492,3054 555,3054 618,3056 681,3057 744,3057 807,3059 870,3060 933,3062 996,3063 1059,3063 1122,3065 1185,3065 1248,3066 1311,3066"/>
                <TextEquiv>
                    <Unicode>gaujlla: entonce dezian, que aquel</Unicode>
                </TextEquiv>
            </TextLine>
            <TextLine id="r1l28" custom="readingOrder {index:27;}">
                <Coords points="42,3191 202,3227 427,3172 476,3221 549,3181 618,3234 693,3190 764,3236 906,3182 1073,3231 1310,3194 1310,3113 1113,3121 1034,3079 837,3126 731,3069 465,3130 346,3067 42,3115"/>
                <Baseline points="50,3186 112,3182 175,3179 237,3177 300,3175 363,3174 425,3173 488,3173 550,3173 613,3174 676,3174 738,3176 801,3176 863,3177 926,3178 989,3179 1051,3179 1114,3180 1176,3179 1239,3179 1302,3177"/>
                <TextEquiv>
                    <Unicode>los topiles, ali todos a tados iutos:</Unicode>
                </TextEquiv>
            </TextLine>
            <TextLine id="r1l29" custom="readingOrder {index:28;}">
                <Coords points="49,3306 277,3341 350,3300 478,3367 583,3291 872,3298 984,3354 1092,3292 1270,3290 1270,3225 1069,3232 992,3189 904,3238 859,3202 733,3230 692,3190 629,3242 476,3222 427,3173 348,3240 259,3187 202,3228 49,3198"/>
                <Baseline points="57,3299 117,3297 177,3297 237,3296 298,3296 358,3294 418,3294 478,3294 539,3294 599,3294 659,3294 719,3294 780,3294 840,3294 900,3294 960,3294 1021,3294 1081,3293 1141,3293 1201,3291 1262,3290"/>
                <TextEquiv>
                    <Unicode>erā la ymagen de su dios Yiacate</Unicode>
                </TextEquiv>
            </TextLine>
            <TextLine id="r1l30" custom="readingOrder {index:29;}">
                <Coords points="39,3418 197,3413 312,3469 441,3417 788,3455 843,3411 1236,3423 1307,3388 1306,3320 1253,3295 1093,3293 985,3353 871,3297 569,3309 478,3366 358,3312 266,3353 198,3311 38,3327"/>
                <Baseline points="47,3407 109,3410 172,3411 234,3413 297,3415 360,3416 422,3416 485,3417 547,3417 610,3417 673,3416 735,3416 798,3414 860,3413 923,3411 986,3411 1048,3408 1111,3407 1173,3405 1236,3404 1299,3402"/>
                <TextEquiv>
                    <Unicode>cutli: Jque es el de los mercaderes</Unicode>
                </TextEquiv>
            </TextLine>
            <TextLine id="r1l31" custom="readingOrder {index:30;}">
                <Coords points="42,3568 173,3567 217,3525 434,3581 599,3540 686,3583 775,3527 1265,3535 1264,3446 1148,3419 42,3466"/>
                <Baseline points="50,3528 110,3528 170,3527 231,3527 291,3527 351,3527 412,3527 472,3527 532,3527 593,3527 653,3528 713,3528 774,3528 834,3528 894,3528 955,3527 1015,3525 1075,3524 1136,3522 1196,3520 1257,3518"/>
                <TextEquiv>
                    <Unicode>y tratantes. Yl luego delante de a</Unicode>
                </TextEquiv>
            </TextLine>
            <TextLine id="r1l32" custom="readingOrder {index:31;}">
                <Coords points="36,3670 468,3633 658,3688 734,3639 820,3681 1000,3645 1087,3697 1288,3687 1288,3574 1195,3537 862,3590 786,3539 725,3582 582,3544 285,3575 217,3524 36,3584"/>
                <Baseline points="44,3635 105,3633 167,3633 229,3633 291,3635 353,3635 414,3636 476,3638 538,3639 600,3641 662,3641 723,3642 785,3642 847,3642 909,3642 971,3641 1032,3638 1094,3636 1156,3632 1218,3627 1280,3621"/>
                <TextEquiv>
                    <Unicode>quel manojo de topiles, o bacculos:</Unicode>
                </TextEquiv>
            </TextLine>
            <TextLine id="r1l33" custom="readingOrder {index:32;}">
                <Coords points="31,3756 207,3789 252,3747 536,3780 635,3747 746,3806 808,3755 1271,3747 1271,3690 810,3700 743,3647 697,3689 600,3644 513,3685 442,3644 257,3678 105,3644 32,3697"/>
                <Baseline points="39,3752 100,3746 161,3743 222,3740 283,3738 345,3738 406,3738 467,3740 528,3741 589,3744 651,3745 712,3747 773,3750 834,3752 895,3753 957,3753 1018,3753 1079,3753 1140,3752 1201,3749 1263,3744"/>
                <TextEquiv>
                    <Unicode>con grade ihumiltlad, y reuerencia se</Unicode>
                </TextEquiv>
            </TextLine>
            <TextLine id="r1l34" custom="readingOrder {index:33;}">
                <Coords points="10,3888 195,3901 347,3848 1230,3886 1308,3855 1308,3762 832,3759 758,3812 706,3768 426,3747 10,3791"/>
                <Baseline points="18,3863 82,3860 146,3858 210,3856 274,3855 338,3854 402,3854 466,3854 530,3854 594,3854 658,3855 722,3855 786,3855 850,3857 914,3857 978,3857 1042,3857 1106,3857 1170,3857 1234,3856 1299,3855"/>
                <TextEquiv>
                    <Unicode>cortauan las orajas derramando san</Unicode>
                </TextEquiv>
            </TextLine>
            <TextLine id="r1l35" custom="readingOrder {index:34;}">
                <Coords points="18,4047 592,3988 1265,4038 1277,3907 806,3878 583,3927 453,3892 348,3931 18,3924"/>
                <Baseline points="26,3990 88,3989 150,3986 212,3984 274,3983 336,3981 398,3981 461,3980 523,3980 585,3978 647,3978 709,3978 771,3980 833,3980 896,3981 958,3983 1020,3984 1082,3986 1144,3987 1206,3990 1269,3993"/>
                <TextEquiv>
                    <Unicode>gre, y se agujerauan la lengua, pal</Unicode>
                </TextEquiv>
            </TextLine>
            <TextEquiv>
                <Unicode>libiq.
nada desto: porque enbreutsabre
mos, por experiencia, loque nos
ade acontescer, al tiempo, que
vioremos, si algun mal nos a
de acontescer: entonce llorare
mos todos: porque esta es lagloria,
y fama que emos de dar, y dexar
a nuestros mayores, y señores: los
mercaderes nobles, y de grande
estima, de donde decendemos:
les primgeros
porque no somos nosotros, nj los
postreros, aqujen estas cosas an a
contecido, que muchos antes que
nosotros, y muchos despues de
nosotros, les aconteceran, semejā
tes casos: y por esto esforcaos, co
mo valientes hombres, hijos mjos.
ydonde qujera que llegauan ador
mjr aquel dia: ora fuesse de baxo
de algun arbol o debaxo de al
guna lapa, o en alguna cueua: lue
do iuntauan todos sus bordonos,
o cañas de camjno que lleuauan,
y los atauan todos iuntos en vna
gaujlla: entonce dezian, que aquel
los topiles, ali todos a tados iutos:
erā la ymagen de su dios Yiacate
cutli: Jque es el de los mercaderes
y tratantes. Yl luego delante de a
quel manojo de topiles, o bacculos:
con grade ihumiltlad, y reuerencia se
cortauan las orajas derramando san
gre, y se agujerauan la lengua, pal</Unicode>
            </TextEquiv>
        </TextRegion>
        <TextRegion orientation="0.0" id="r2" custom="readingOrder {index:1;}">
            <Coords points="1338,75 1338,4100 2706,4100 2706,75"/>
            <TextLine id="r2l1" custom="readingOrder {index:0;}">
                <Coords points="1332,198 1364,199 1401,181 1461,189 1479,206 1498,196 1551,206 1587,185 1634,198 1629,38 1588,48 1549,18 1528,17 1514,29 1465,24 1403,60 1327,56"/>
                <Baseline points="1338,144 1364,147 1390,149 1416,149 1442,149 1468,147 1494,145 1520,144 1546,143 1572,141 1598,140 1625,140"/>
                <TextEquiv>
                    <Unicode>qujnto</Unicode>
                </TextEquiv>
            </TextLine>
            <TextLine id="r2l2" custom="readingOrder {index:1;}">
                <Coords points="1412,336 1554,318 1625,361 1754,313 2130,345 2500,308 2581,346 2597,184 2392,191 2333,153 2212,223 2132,164 2065,223 1932,147 1790,235 1499,196 1411,254"/>
                <Baseline points="1419,311 1477,311 1536,309 1594,309 1653,308 1712,308 1770,308 1829,306 1887,306 1946,306 2005,305 2063,305 2122,303 2180,303 2239,302 2298,302 2356,300 2415,299 2473,297 2532,297 2591,294"/>
                <TextEquiv>
                    <Unicode>njcan, ixtlahoatl, atlauhtli</Unicode>
                </TextEquiv>
            </TextLine>
            <TextLine id="r2l3" custom="readingOrder {index:2;}">
                <Coords points="1413,470 1504,502 1548,468 1599,510 1696,452 1871,443 2026,495 2081,456 2665,459 2665,374 2499,341 2376,339 2327,383 1860,317 1747,367 1413,357"/>
                <Baseline points="1421,455 1482,453 1544,451 1606,450 1668,449 1730,449 1791,447 1853,449 1915,449 1977,449 2039,449 2100,450 2162,450 2224,450 2286,452 2348,452 2409,452 2471,452 2533,452 2595,450 2657,449"/>
                <TextEquiv>
                    <Unicode>itic, quavitl itic, cecemmantoaz</Unicode>
                </TextEquiv>
            </TextLine>
            <TextLine id="r2l4" custom="readingOrder {index:3;}">
                <Coords points="1410,635 1648,654 1760,595 1983,595 2146,649 2221,601 2368,669 2648,618 2631,490 2524,546 2014,498 1778,566 1531,506 1411,528"/>
                <Baseline points="1419,609 1480,606 1541,603 1602,602 1663,600 1724,600 1785,599 1846,599 1907,599 1968,600 2029,600 2090,602 2151,602 2212,603 2273,605 2334,606 2395,606 2456,608 2517,608 2578,609 2640,609"/>
                <TextEquiv>
                    <Unicode>in tomjo, in totzon, nonoqujuh</Unicode>
                </TextEquiv>
            </TextLine>
            <TextLine id="r2l5" custom="readingOrder {index:4;}">
                <Coords points="1405,760 2523,804 2715,756 2714,672 2633,621 2566,688 2478,630 2274,689 2095,646 1818,683 1710,630 1581,686 1404,643"/>
                <Baseline points="1413,756 1477,753 1542,750 1606,749 1671,747 1736,747 1800,746 1865,746 1930,746 1994,746 2059,746 2124,746 2188,746 2253,746 2318,746 2382,746 2447,746 2512,746 2576,745 2641,744 2706,743"/>
                <TextEquiv>
                    <Unicode>toz, aalacatoz in tezço, in totlapallo:</Unicode>
                </TextEquiv>
            </TextLine>
            <TextLine id="r2l6" custom="readingOrder {index:5;}">
                <Coords points="1408,897 2410,891 2510,941 2620,911 2621,827 2524,813 2187,823 2068,770 1922,825 1654,816 1586,767 1410,787"/>
                <Baseline points="1416,882 1475,882 1535,881 1595,880 1655,879 1715,879 1774,879 1834,879 1894,879 1954,879 2014,881 2073,881 2133,882 2193,882 2253,884 2313,885 2372,887 2432,888 2492,890 2552,891 2612,893"/>
                <TextEquiv>
                    <Unicode>canel otomaceoaltic, macaiacquj</Unicode>
                </TextEquiv>
            </TextLine>
            <TextLine id="r2l7" custom="readingOrder {index:6;}">
                <Coords points="1407,1027 1858,1012 2069,1089 2186,1027 2634,1038 2635,959 2569,919 2475,960 2247,957 2094,906 1990,950 1848,890 1754,946 1615,889 1408,922"/>
                <Baseline points="1415,1011 1475,1011 1536,1010 1596,1010 1657,1010 1718,1010 1778,1011 1839,1011 1899,1011 1960,1013 2021,1013 2081,1014 2142,1016 2202,1016 2263,1017 2324,1019 2384,1020 2445,1022 2505,1023 2566,1025 2627,1026"/>
                <TextEquiv>
                    <Unicode>cioatlamachti inijollo: xicmotla</Unicode>
                </TextEquiv>
            </TextLine>
            <TextLine id="r2l8" custom="readingOrder {index:7;}">
                <Coords points="1410,1205 1532,1161 1917,1154 2096,1172 2179,1225 2302,1168 2615,1177 2649,1091 2352,1046 2062,1100 1745,1097 1412,1041"/>
                <Baseline points="1419,1161 1480,1158 1541,1155 1602,1153 1663,1152 1724,1151 1785,1151 1846,1152 1907,1152 1968,1154 2029,1155 2090,1157 2151,1159 2212,1161 2273,1164 2334,1166 2395,1167 2456,1169 2517,1169 2578,1170 2640,1170"/>
                <TextEquiv>
                    <Unicode>quammacacan in mjqujztli, xicmo</Unicode>
                </TextEquiv>
            </TextLine>
            <TextLine id="r2l9" custom="readingOrder {index:8;}">
                <Coords points="1412,1305 2650,1314 2651,1231 2539,1220 1957,1240 1688,1159 1414,1206"/>
                <Baseline points="1421,1293 1482,1292 1543,1292 1604,1292 1665,1292 1726,1292 1787,1292 1848,1292 1909,1293 1970,1293 2031,1294 2092,1295 2153,1296 2214,1296 2275,1298 2336,1299 2397,1301 2458,1302 2519,1304 2580,1306 2642,1308"/>
                <TextEquiv>
                    <Unicode>tlatlauhtilican in totecujo: macaiac</Unicode>
                </TextEquiv>
            </TextLine>
            <TextLine id="r2l10" custom="readingOrder {index:9;}">
                <Coords points="1412,1473 1610,1440 1685,1488 2176,1457 2471,1499 2647,1458 2649,1377 2268,1385 2208,1328 2077,1387 1967,1344 1605,1369 1416,1305"/>
                <Baseline points="1422,1418 1482,1421 1543,1422 1604,1424 1665,1427 1726,1428 1787,1430 1847,1432 1908,1433 1969,1434 2030,1436 2091,1437 2152,1439 2213,1440 2273,1441 2334,1442 2395,1443 2456,1445 2517,1445 2578,1446 2639,1448"/>
                <TextEquiv>
                    <Unicode>tle itic qujnemjti, qujlnamjquj: mna</Unicode>
                </TextEquiv>
            </TextLine>
            <TextLine id="r2l11" custom="readingOrder {index:10;}">
                <Coords points="1411,1620 1813,1558 2065,1614 2271,1595 2335,1644 2543,1588 2629,1609 2632,1459 2508,1516 2024,1471 1690,1493 1621,1451 1415,1494"/>
                <Baseline points="1421,1557 1481,1556 1541,1554 1601,1554 1661,1554 1721,1554 1781,1554 1841,1556 1901,1557 1961,1559 2021,1560 2081,1563 2141,1565 2201,1566 2261,1569 2321,1572 2381,1574 2441,1576 2501,1579 2561,1581 2621,1583"/>
                <TextEquiv>
                    <Unicode>caqujnjc ticmatizque, in çaço tle</Unicode>
                </TextEquiv>
            </TextLine>
            <TextLine id="r2l12" custom="readingOrder {index:11;}">
                <Coords points="1407,1723 1611,1754 2349,1710 2583,1761 2667,1728 2668,1650 1772,1630 1559,1582 1408,1619"/>
                <Baseline points="1415,1701 1477,1700 1539,1698 1601,1698 1664,1697 1726,1697 1788,1697 1850,1697 1913,1697 1975,1697 2037,1698 2099,1698 2162,1700 2224,1701 2286,1702 2348,1703 2411,1706 2473,1707 2535,1709 2597,1711 2660,1713"/>
                <TextEquiv>
                    <Unicode>itech titotzotzonativi: vncan iccem</Unicode>
                </TextEquiv>
            </TextLine>
            <TextLine id="r2l13" custom="readingOrder {index:12;}">
                <Coords points="1398,1833 2048,1836 2152,1886 2334,1854 2429,1901 2649,1870 2651,1780 2461,1780 2325,1722 2235,1774 1991,1712 1793,1768 1399,1760"/>
                <Baseline points="1406,1836 1467,1834 1529,1831 1591,1829 1653,1827 1715,1826 1776,1826 1838,1826 1900,1826 1962,1826 2024,1827 2085,1829 2147,1830 2209,1832 2271,1835 2333,1836 2394,1839 2456,1842 2518,1845 2580,1847 2642,1851"/>
                <TextEquiv>
                    <Unicode>maian, tontochochoqujlizque: ca</Unicode>
                </TextEquiv>
            </TextLine>
            <TextLine id="r2l14" custom="readingOrder {index:13;}">
                <Coords points="1404,1989 1656,2011 1707,1969 1849,1973 1910,2006 1993,1974 2099,2028 2177,1990 2625,2026 2627,1902 2536,1932 2469,1891 1993,1898 1818,1835 1725,1888 1656,1854 1406,1880"/>
                <Baseline points="1413,1970 1473,1968 1533,1968 1593,1967 1654,1967 1714,1967 1774,1967 1834,1968 1895,1969 1955,1970 2015,1971 2075,1973 2136,1974 2196,1976 2256,1977 2316,1979 2377,1982 2437,1983 2497,1986 2557,1988 2618,1989"/>
                <TextEquiv>
                    <Unicode>nel iehoatl injc tiquinteiotico, ti</Unicode>
                </TextEquiv>
            </TextLine>
            <TextLine id="r2l15" custom="readingOrder {index:14;}">
                <Coords points="1408,2152 1546,2110 1596,2141 2029,2109 2210,2166 2353,2118 2641,2136 2642,2042 2590,2009 2321,2054 2199,2017 1983,2034 1814,1980 1704,2034 1409,2024"/>
                <Baseline points="1416,2105 1476,2105 1537,2105 1598,2105 1659,2103 1720,2103 1781,2103 1841,2103 1902,2104 1963,2105 2024,2105 2085,2106 2146,2106 2207,2108 2267,2109 2328,2110 2389,2112 2450,2114 2511,2116 2572,2118 2633,2121"/>
                <TextEquiv>
                    <Unicode>qujmjtauhcaiotico, tiqujntonaleo</Unicode>
                </TextEquiv>
            </TextLine>
            <TextLine id="r2l16" custom="readingOrder {index:15;}">
                <Coords points="1404,2265 1590,2244 1692,2290 1747,2249 2200,2243 2444,2300 2545,2249 2625,2267 2626,2159 2214,2173 1904,2130 1405,2163"/>
                <Baseline points="1413,2249 1473,2246 1533,2244 1593,2243 1654,2241 1714,2241 1774,2240 1834,2240 1895,2240 1955,2240 2015,2241 2075,2241 2136,2243 2196,2244 2256,2246 2316,2247 2377,2249 2437,2250 2497,2252 2557,2254 2618,2256"/>
                <TextEquiv>
                    <Unicode>aço, tiqujnttzonteconacocujco in</Unicode>
                </TextEquiv>
            </TextLine>
            <TextLine id="r2l17" custom="readingOrder {index:16;}">
                <Coords points="1398,2384 1875,2371 2119,2424 2267,2379 2526,2433 2635,2395 2637,2317 2492,2282 2420,2312 2304,2263 2101,2299 1746,2249 1694,2292 1625,2251 1465,2313 1400,2278"/>
                <Baseline points="1406,2375 1467,2371 1528,2369 1589,2367 1650,2366 1711,2366 1772,2366 1833,2366 1894,2367 1955,2369 2017,2370 2078,2373 2139,2375 2200,2376 2261,2379 2322,2381 2383,2382 2444,2382 2505,2384 2566,2384 2628,2384"/>
                <TextEquiv>
                    <Unicode>totechiuhcaoan, in puchteca, injia</Unicode>
                </TextEquiv>
            </TextLine>
            <TextLine id="r2l18" custom="readingOrder {index:17;}">
                <Coords points="1406,2561 1694,2500 1762,2547 1856,2506 2055,2519 2121,2574 2215,2526 2606,2549 2642,2420 2162,2454 2023,2389 1936,2441 1705,2406 1410,2431"/>
                <Baseline points="1416,2498 1476,2495 1537,2493 1598,2493 1659,2493 1719,2495 1780,2496 1841,2499 1902,2501 1962,2504 2023,2507 2084,2510 2145,2513 2205,2516 2266,2519 2327,2520 2388,2522 2448,2522 2509,2522 2570,2520 2631,2519"/>
                <TextEquiv>
                    <Unicode>que: ca ieeppa iuh quimattivi, iuh</Unicode>
                </TextEquiv>
            </TextLine>
            <TextLine id="r2l19" custom="readingOrder {index:18;}">
                <Coords points="1406,2696 1696,2712 1817,2652 1903,2715 2200,2743 2375,2665 2651,2663 2654,2571 2520,2536 2410,2607 2055,2586 1996,2620 1782,2548 1618,2586 1410,2560"/>
                <Baseline points="1415,2646 1476,2645 1537,2643 1599,2642 1660,2643 1722,2643 1783,2646 1844,2648 1906,2651 1967,2654 2029,2656 2090,2659 2151,2662 2213,2664 2274,2666 2336,2667 2397,2667 2458,2666 2520,2664 2581,2661 2643,2657"/>
                <TextEquiv>
                    <Unicode>qujmaujçotiuj, camoqujntehoan</Unicode>
                </TextEquiv>
            </TextLine>
            <TextLine id="r2l20" custom="readingOrder {index:19;}">
                <Coords points="1390,2819 2426,2873 2660,2804 2661,2746 1794,2740 1623,2690 1517,2731 1452,2675 1392,2688"/>
                <Baseline points="1398,2798 1460,2796 1523,2796 1586,2796 1648,2796 1711,2798 1774,2799 1836,2801 1899,2802 1962,2804 2025,2807 2087,2808 2150,2811 2213,2813 2275,2813 2338,2814 2401,2813 2463,2813 2526,2811 2589,2808 2652,2804"/>
                <TextEquiv>
                    <Unicode>iancujcan ie toconnextizque, ie toco</Unicode>
                </TextEquiv>
            </TextLine>
            <TextLine id="r2l21" custom="readingOrder {index:20;}">
                <Coords points="1398,2974 2118,2973 2194,3020 2239,2980 2446,2991 2638,2940 2639,2839 2568,2829 2350,2893 1963,2837 1816,2888 1400,2851"/>
                <Baseline points="1406,2934 1467,2934 1528,2933 1589,2933 1650,2934 1712,2936 1773,2937 1834,2939 1895,2941 1956,2943 2018,2945 2079,2946 2140,2948 2201,2949 2262,2949 2324,2949 2385,2948 2446,2946 2507,2943 2568,2939 2630,2934"/>
                <TextEquiv>
                    <Unicode>njttazque, intlein topan muchio</Unicode>
                </TextEquiv>
            </TextLine>
            <TextLine id="r2l22" custom="readingOrder {index:21;}">
                <Coords points="1397,3097 1693,3092 1901,3161 2065,3106 2323,3148 2519,3097 2642,3135 2642,3022 2523,2980 2235,3032 1913,3022 1828,2970 1742,3013 1677,2974 1397,3002"/>
                <Baseline points="1404,3075 1465,3080 1527,3082 1588,3086 1650,3089 1711,3090 1773,3092 1834,3093 1896,3095 1957,3095 2019,3096 2080,3096 2142,3096 2203,3095 2265,3095 2326,3093 2388,3092 2449,3090 2511,3088 2572,3086 2634,3084"/>
                <TextEquiv>
                    <Unicode>az: ximellaquaoacan, nopilhoa</Unicode>
                </TextEquiv>
            </TextLine>
            <TextLine id="r2l23" custom="readingOrder {index:22;}">
                <Coords points="1397,3254 2179,3241 2344,3303 2426,3254 2680,3275 2681,3151 2622,3130 1399,3144"/>
                <Baseline points="1406,3233 1469,3234 1532,3236 1595,3239 1659,3240 1722,3243 1785,3245 1849,3246 1912,3248 1975,3249 2039,3251 2102,3252 2165,3253 2228,3254 2292,3254 2355,3254 2418,3252 2482,3251 2545,3249 2608,3247 2672,3243"/>
                <TextEquiv>
                    <Unicode>ne. Auh in tlacana oimpan ioac,</Unicode>
                </TextEquiv>
            </TextLine>
            <TextLine id="r2l24" custom="readingOrder {index:23;}">
                <Coords points="1408,3390 1544,3379 1666,3447 1775,3400 1867,3442 1965,3377 2299,3439 2369,3401 2655,3405 2656,3323 2618,3312 2344,3360 2154,3265 1831,3270 1733,3319 1593,3249 1410,3249"/>
                <Baseline points="1416,3377 1477,3378 1539,3381 1600,3383 1662,3385 1724,3387 1785,3389 1847,3392 1908,3393 1970,3395 2032,3396 2093,3398 2155,3398 2216,3399 2278,3399 2340,3399 2401,3398 2463,3396 2524,3395 2586,3392 2648,3389"/>
                <TextEquiv>
                    <Unicode>çana quaujtl itzintlan, anoço a</Unicode>
                </TextEquiv>
            </TextLine>
            <TextLine id="r2l25" custom="readingOrder {index:24;}">
                <Coords points="1389,3527 1826,3570 1891,3525 1950,3566 2114,3521 2211,3565 2664,3515 2664,3434 2386,3486 2233,3407 2153,3468 2043,3433 1865,3487 1515,3375 1390,3425"/>
                <Baseline points="1397,3516 1459,3516 1522,3518 1585,3519 1648,3519 1711,3521 1774,3522 1837,3524 1900,3524 1963,3525 2026,3527 2088,3527 2151,3528 2214,3528 2277,3528 2340,3527 2403,3526 2466,3525 2529,3523 2592,3521 2655,3518"/>
                <TextEquiv>
                    <Unicode>tlauhcamac, ommololoa, onmoce</Unicode>
                </TextEquiv>
            </TextLine>
            <TextLine id="r2l26" custom="readingOrder {index:25;}">
                <Coords points="1392,3674 1667,3655 1721,3694 2081,3713 2240,3659 2376,3707 2651,3711 2650,3586 2545,3606 2453,3543 2147,3595 1830,3586 1774,3638 1558,3521 1392,3596"/>
                <Baseline points="1400,3654 1462,3654 1524,3656 1586,3656 1648,3657 1710,3657 1772,3657 1835,3657 1897,3659 1959,3657 2021,3657 2083,3657 2145,3657 2207,3656 2270,3656 2332,3654 2394,3653 2456,3653 2518,3651 2580,3650 2643,3648"/>
                <TextEquiv>
                    <Unicode>mololoa, ommotepeuhtitlalia, mo</Unicode>
                </TextEquiv>
            </TextLine>
            <TextLine id="r2l27" custom="readingOrder {index:26;}">
                <Coords points="1377,3809 2636,3836 2636,3735 2517,3708 2349,3740 2200,3675 1828,3735 1582,3663 1504,3716 1378,3700"/>
                <Baseline points="1386,3780 1448,3782 1510,3783 1572,3783 1634,3785 1696,3786 1758,3786 1820,3788 1882,3788 1944,3789 2007,3789 2069,3791 2131,3791 2193,3791 2255,3791 2317,3791 2379,3791 2441,3791 2503,3791 2565,3789 2628,3789"/>
                <TextEquiv>
                    <Unicode>nechicoa, qujcujtlalpia, qujcen</Unicode>
                </TextEquiv>
            </TextLine>
            <TextLine id="r2l28" custom="readingOrder {index:27;}">
                <Coords points="1394,3952 1558,3920 1871,3981 2030,3927 2109,3975 2218,3942 2372,3993 2652,3924 2653,3853 2617,3846 2311,3871 2213,3821 1903,3869 1687,3804 1396,3824"/>
                <Baseline points="1403,3911 1465,3912 1527,3914 1589,3916 1651,3919 1713,3921 1775,3924 1837,3927 1899,3929 1961,3932 2023,3934 2085,3936 2147,3938 2209,3938 2271,3938 2333,3936 2395,3935 2457,3931 2519,3926 2581,3921 2643,3914"/>
                <TextEquiv>
                    <Unicode>cujtlalpia, qujcemjlpia, qujcem</Unicode>
                </TextEquiv>
            </TextLine>
            <TextLine id="r2l29" custom="readingOrder {index:28;}">
                <Coords points="1384,4032 1600,4041 1736,4099 1810,4070 1881,4113 2045,4056 2175,4125 2261,4081 2450,4123 2664,4071 2668,3956 2396,4009 2019,3934 1872,3981 1548,3932 1386,3961"/>
                <Baseline points="1392,4019 1455,4025 1518,4029 1581,4036 1645,4042 1708,4046 1771,4052 1834,4057 1898,4061 1961,4064 2024,4068 2087,4070 2151,4072 2214,4073 2277,4073 2340,4071 2404,4070 2467,4066 2530,4061 2593,4055 2657,4047"/>
                <TextEquiv>
                    <Unicode>mana in jntopil, in jpanqujxeoaial</Unicode>
                </TextEquiv>
            </TextLine>
            <TextEquiv>
                <Unicode>qujnto
njcan, ixtlahoatl, atlauhtli
itic, quavitl itic, cecemmantoaz
in tomjo, in totzon, nonoqujuh
toz, aalacatoz in tezço, in totlapallo:
canel otomaceoaltic, macaiacquj
cioatlamachti inijollo: xicmotla
quammacacan in mjqujztli, xicmo
tlatlauhtilican in totecujo: macaiac
tle itic qujnemjti, qujlnamjquj: mna
caqujnjc ticmatizque, in çaço tle
itech titotzotzonativi: vncan iccem
maian, tontochochoqujlizque: ca
nel iehoatl injc tiquinteiotico, ti
qujmjtauhcaiotico, tiqujntonaleo
aço, tiqujnttzonteconacocujco in
totechiuhcaoan, in puchteca, injia
que: ca ieeppa iuh quimattivi, iuh
qujmaujçotiuj, camoqujntehoan
iancujcan ie toconnextizque, ie toco
njttazque, intlein topan muchio
az: ximellaquaoacan, nopilhoa
ne. Auh in tlacana oimpan ioac,
çana quaujtl itzintlan, anoço a
tlauhcamac, ommololoa, onmoce
mololoa, ommotepeuhtitlalia, mo
nechicoa, qujcujtlalpia, qujcen
cujtlalpia, qujcemjlpia, qujcem
mana in jntopil, in jpanqujxeoaial</Unicode>
            </TextEquiv>
        </TextRegion>
    </Page>
</PcGts>
