2662 4142
355 9 952 184 de la fiesta
102 172 1257 361 los acabulir: y algunos que sabian na
102 309 1229 450 dar, y van por debaxo delagua, asu
108 407 1248 520 morgujo, y salia lexos, y assi se esca
100 495 1210 578 paua: pero los que no sabian nadar
112 546 1243 676 de tal manera los fatigauan, que los
94 637 1229 768 dexauan por muertos, ala orilla del
108 707 1237 838 agua: alli los tomauan, sus parien
108 790 1233 921 tes, y los colgauan delos pies, para
96 882 1216 1011 que echassen fuera el agua, que
97 964 1199 1089 aujan beujdo, por las narizes, y por
102 1040 1223 1161 a boca. Esto acabado, bolujanse todos
88 1117 1229 1241 por el mjsmo camjno, que aujan ve
100 1218 1217 1329 njdo en procesion: yuan tañendo sus
103 1300 1214 1403 caracoles hazia el cu, omonesterio, de
91 1379 1206 1504 donde aujan venido: y alos castioa,
90 1470 1210 1574 dos lleuauanlos sus parientes asus
96 1539 1206 1668 casas yuan todos lastimados, y tem
87 1617 1188 1754 blando de frio, y batiendo los dien
96 1727 1186 1855 tes, assi los lleuauan asus casas,
72 1795 1219 1936 paraque conualeciessen. En boluj
85 1886 1201 1998 endo los satrapas, asu monasterio,
85 1971 1224 2104 echauan otravez esteras de junças,
79 2073 1207 2192 como iaspeadas: y tambien espada
94 2143 1210 2293 ñas. Y luego comencauan otro ayu
92 2238 1200 2369 ho, de quatro dias: al qual llama
82 2323 1194 2447 uan netlacacaoaliztli: eneste ayu
102 2418 1180 2524 no, no se acusauan, los vnos alos
90 2503 1185 2619 otros, nj tampoco comjan amedio
91 2567 1184 2696 dia. E nestos quatro dias, los sacris
73 2646 1200 2775 tanejos, aparejauan todos los orna
73 2721 1195 2871 mentos de papel, que eran menes
72 2817 1194 2934 ter, para todos los ministros: y tam
60 2883 1186 2998 bien parasi. El vno destos orna
55 2993 1216 3116 mentos, se llamaua tlaquechpaniotl
55 3064 1184 3200 qujere dezir ornamento, que va
36 3151 1181 3274 sobre el pescuezo: el otro se llama
61 3237 1195 3355 ua amacuexpalli, era ornamen
54 3318 1192 3453 to, que se ponjan tras el colodrillo,
43 3410 1196 3532 como vna flor hecha de papel: el otro
52 3477 1181 3634 se llamaua yiataztli, que era vn cu
55 3567 1161 3710 rron, para lleuar encienso: este
59 3646 1197 3796 cumron de papel comprauase en el
55 3745 1218 3888 tianquez: tambien comprauan, vnos
1488 20 2245 210 Etzaqualiztli.
2387 74 2623 225 foqz
1326 263 2460 381 qujxtia: auh in cequjntin vel
1323 341 2513 502 qujmjhiiocaoaltia, vel cocotlaoa,
1337 476 2508 626 camjmicque in qujncaoa, ca q̄n
1327 563 2497 733 mictoccaoa atenco qujnoaltete
1324 682 2489 862 ma: auh in cequjntin oqujtoto
1314 802 2497 949 loque atl, in chichicatl, qujn
1330 915 2464 1068 tzonicpilooa ic oalqujca, yn in
1307 1049 2504 1169 iacac yn jncamac, yn oqujtoto
1317 1144 2482 1289 loca. Auh in ie iuhquj njman
1304 1248 2507 1413 ic oalujlooa, icujtlaujc oalujloa
1300 1387 2478 1507 occepa oallapitztiuj: auh ynoa
1315 1496 2451 1638 tlanpapacholoque, can inchan
1306 1623 2449 1765 vihuj, qujnujujca in inchan tla
1307 1760 2484 1879 ca, cocoxtiuj viujujxcatiuj, tzi
1298 1839 2473 1999 tzitzilcatiuj, yn oconihiiocuizque
1295 1965 2448 2114 inchan. Auh yn oaxioato cal
1301 2071 2453 2234 mecac, oc cepa tlateteco, mote
1300 2181 2431 2364 teca yn aztapilpetlatl, yoan no
1289 2316 2486 2473 motetema yn atulin, occepa vnean
1296 2412 2490 2587 peoa in neçaoaliztli, itoca netlaca
1291 2544 2476 2677 caoaliztli, nonaujlhujtl in motla
1277 2665 2433 2815 cacaoaia, aocmoneaxioa, aoc
1279 2791 2466 2911 mo tlacatlaqualo: njman ic vncā
1284 2883 2455 3026 ompeoa in tlatlachichioalo, quj
1280 2987 2458 3142 tlachichiujliaia in tlamacazque,
1276 3124 2455 3260 tlamaztoton, qujcecencaoa yn
1276 3218 2452 3373 ixqujch amatlatqujtl, in tlaque
1287 3343 2425 3486 chpaniotl, yn amacuexpalli, yoa
1279 3447 2459 3595 yn jiataztli, çan qujmococoujaia,
1266 3557 2459 3716 yoan in tlacopa cozcatl, çan mona
1264 3679 2430 3823 namacaia tianquizco. Auh yn
1268 3772 2448 3965 oacic naujlhujtl, ynjc netlacaça
