2668 4164
419 115 995 293 de la axcte
52 324 1244 495 que sellamaua yzqujtecatl: ta
51 448 1214 603 bien hazian fiesta, a todos los
60 548 1222 704 dioses del vino: y ponjanle vna
74 610 1250 808 estatua enel cu, y dauan le ofre
51 718 1210 923 das, y baylauan, y tañjan le
50 815 1272 1017 flautas: y delante de la estatu
50 916 1279 1109 a vna tinaja hecha depiedra:
72 1050 1226 1242 que sellamaua vmetochteco
62 1153 1279 1304 matl, llena de vino, con vnas
75 1259 1239 1452 cañas: conque beujan el vino
64 1366 1252 1558 los que venjan a la fiesta: y a
77 1473 1240 1663 quellos eran vrejos, y viejas, y
84 1570 1246 1766 hombres valientes, y soldados.
94 1688 1250 1871 y hombres de guerra beujan
90 1792 1269 1997 vino, de aquella tinaja: por
101 1909 1262 2123 razon que algun dia, sexian
95 2027 1231 2223 captiuos de los enemjgos: o
98 2097 1270 2356 ellos, estando en lugar de la
84 2213 1277 2456 belea, tomarian captiuos de
78 2333 1282 2571 los enemigos: y ansi andauan
82 2471 1251 2704 holgando se, beujendo vino
88 2579 1301 2840 Tel vino que beujan: hunca
92 2710 1260 2938 se acabaua: porque los taber
105 2844 1283 3034 neros, cada rato hechauan
109 2946 1289 3146 vino, en la tinaja: los que
99 3068 1259 3284 llegauian altianquez, donde
126 3184 1261 3378 estaua la estatua, del dios
119 3307 1284 3508 zqujtecatl. Y tambien: los
120 3405 1280 3648 que nueuamente oradauan
99 3502 1297 3765 los magueyes, y hazian vino
111 3626 1327 3880 nueuo, que sellama vitztli: tra
130 3768 1288 3971 yan el vino con cantaros, y
109 3856 1327 4084 hrechauan, en latinaja depie
1490 54 2570 255 adujnatoria. fo..
1314 243 2503 426 cin quatantli, in tlauelli, mnemjc
1322 375 2463 546 tiliztli. Ete. Ioan moch qujmo
1322 480 2509 689 cujtia, in tlem tlatolli mjtoa: ioā
1315 614 2510 789 in tlem vetzqujlilo, m momati ca
1316 716 2552 916 iehoatl mica nenonotzalo, in vetz
1327 864 2522 1065 qujlilo, canjliviz inteaaoa, quj
1338 960 2584 1161 veuexcatlachieltia in vctli, in tlailli
1338 1086 2540 1286 Auh intlaçeoatl: capapachiuhti
1328 1218 2476 1399 motlalia, capapachca, aocmo
1340 1312 2504 1538 qujmati, momemelauhtimotla
1333 1410 2528 1657 lia, momemelauhtica: auh itla
1345 1539 2477 1756 cenca vel oivmtic, in vel oiellela
1355 1677 2482 1877 cie, caitzonqujquenteca; vnean
1348 1813 2537 2018 quauhtenvetzi: itzonpatlaoatoc.
1343 1909 2513 2131 tf. Injz qujtlamantli m: njca
1342 2037 2491 2253 omoteneuh, iceceiaca itechneci,
1349 2178 2463 2363 iceceiaca itlachioal tlaoanquj,
1352 2291 2521 2492 mjtoa: ca iuhquj itoch, iuhquj ito
1340 2432 2516 2604 nal, iuhquj ic ipan mjxeoa, in
1343 2554 2534 2731 totochtin: ioan itlaomotepexci
1357 2644 2562 2848 vi tlaoanquj, mjmaco cana ovetz,
1360 2788 2570 2979 mjtoa: omotochivi; iehica m mjecca
1365 2919 2507 3111 qujca itlachioal vctli, ic mjtoa,
1365 3044 2491 3250 centzontotochti: ipampa ca amo
1366 3170 2507 3357 çan quexqujch mjtechqujca o
1365 3296 2537 3493 qualli. Ioom mjquac mjtoaia,
1375 3403 2532 3584 moquetza tonalli, vmetochtli: vn
1386 3535 2618 3742 çan ilhujqujxtililoia, mjmachcauh
1377 3678 2619 3856 totochti: i moteneoa Izqujtecatl,
1399 3832 2561 4000 auh macivm çanjcel moteneoa:
2450 4039 2558 4116 sē
