2572 4106
919 87 1366 243 A pendis
1331 264 2482 377 micuxitiaia, in qujntlacatiliaia.
79 270 1265 420 tarde, comencauan ahazer areyto,
1349 355 2489 509 Auh yn otlatujc, ieotlacatque:
63 383 1251 509 ydanças, conque las lleuauan al
1332 433 2516 611 njman ie ic ymixpan tlamano
58 467 1261 608 cu: y ala puesta del sol, las subi
1333 531 2528 683 lo: auh in ie teutlac, njman ie ic tla
73 561 1267 690 an, alo alto del cu, en ponjendo
1329 640 2492 779 totilo, neçocololo: auh çan ic on
60 649 1262 793 las, en sus lugares, luego se baxa
1331 740 2499 916 calaquj, intonatiuh, in qujn
72 750 1291 888 uan todos: saluo las guardas, que
53 851 1274 1002 les aujan de guardar, toda vna
1340 815 2519 1019 tlecaujaia: auh yn oqujmontla
78 933 1292 1077 noche. Vamauan aestas guardas
1337 909 2516 1109 lito, njman ie ic oaltemoa, vm
59 1045 1280 1204 yiopuch: luego en amanesciendo
1313 1031 2505 1227 pa ceioal cate: yoan qujnpiaia
75 1138 1274 1293 el dios llamado paynal, que era
1346 1144 2539 1321 tlamacazque, yn jntoca Jiopul
83 1231 1306 1372 vicario de vitzilopuchtli, descendia
1333 1263 2534 1428 Auh yn otlatujc, njman ie ie oia
72 1345 1255 1484 de lo alto del cu: traya aeste dios,
1327 1357 2530 1571 qujça, in paynaltzin, incan noi
84 1483 1266 1590 en las manos, como en procesion,
1345 1500 2500 1664 yxiptla vitzilobuchtli, qujnapa
83 1554 1289 1672 vno de los sacerdotes, vestido delos,
1343 1577 2522 1752 loa: auh yn ixiptla paynal, çal
84 1655 1260 1783 ornamentos de quetzalcoatl. Era
1347 1712 2519 1875 quaujtl tlacaietiuh: auh in quj
96 1764 1309 1882 estos ornamentos ricos: y tambien
1346 1814 2520 1980 napaloa, itoca topiltzin Quetzauo
84 1853 1277 2007 la ymagen de paynal: la qual e
1336 1918 2518 2061 atl: cenca mochichioaia yiapa
83 1954 1265 2092 ra labrada de madero, yua rica
1334 2018 2530 2166 necaiouh: auh yn ixiptla panylla
81 2047 1286 2203 mente adornado, como yase dixo,
1365 2100 2528 2284 ynjc muchichioaia, yvitzitzilnca
87 2154 1282 2265 En esta misma fiesta, yua delante
1356 2222 2510 2385 oal, yianecuiouh, yteucujtlap
102 2250 1271 2383 deste vn macero, que lleuaua enel
93 2357 1317 2448 hombro, vn cetro, hecho como culebra
1358 2332 2502 2506 ychalchiuhcozquj: auh yn icuj
91 2443 1289 2565 todo cubierto de turquesas, de obra
1352 2433 2505 2585 tlapan pilcatiuh, iehoatl in en
99 2559 1265 2671 de musayco, y muy mostruosa: y
1352 2556 2500 2703 tlatezcatl, çan muche in teuzi
87 2633 1276 2788 quando llegaua este satrapa, con
1367 2629 2496 2800 vitl: auh in qujiacana qujtqu
81 2722 1281 2877 la ymagen, avn lugar que se lla
1344 2744 2493 2907 tiuh ycoatopil, xivitl ic, tlaqu
96 2816 1302 2974 ma Teutlachco, que es vn juego de
1355 2859 2503 2989 mjlolli. Auh yn onacic intec
89 2925 1313 3080 pelota, que estaua dentro del patio.
1356 2959 2504 3091 tlachco in paynal, njmanie ixpa
95 3016 1276 3155 alli delante del, matauan dos es
1359 3052 2513 3191 mjcoa: iehoantin in miquja ynjx
104 3123 1296 3256 clauos, que eran ymagines dedos
1350 3129 2515 3279 toca Amapantzitzin, çan yno
105 3205 1272 3372 dioses, que llaman amapantzi
1362 3227 2534 3373 tin teixiptlaoan: auh ieh cenca
92 3302 1271 3460 tzin, y muchos captiuos: de alli co
1358 3330 2520 3486 mjequjntin in mamalti miquj
95 3410 1282 3568 mençauan la procession, yuan
1355 3419 2528 3566 Auh yn onmicoac, njman ie ie h
110 3499 1297 3631 derechos al tlatilulco: salianle a
1364 3514 2527 3686 peoa, yn tlaiaoaloz Paynal: yn
113 3613 1303 3764 recebir, mucha gente, y satrapas,
1374 3617 2525 3768 pa onaci in tlatilulco, auh yno
88 3706 1275 3868 y incensauanle: y descabeçauan,
1356 3700 2532 3858 onacic, njman ie ic qujnamjlia,
102 3796 1298 3927 muchas codornizes, delante del:
1356 3757 2525 3930 in maceoalli, qujtlenamaqujs
1368 3862 2518 4043 yoan miec colin qujcotonjliaia
98 3890 1296 4048 de alli yuan derechos a vn lugar
