2584 4072
221 101 800 282 Capitulo. 14.
30 293 1181 420 Este dios, llamado yiacatecutli, ay conjec
54 383 1177 484 tura, que començo los tratos, y mercaderj
51 443 1182 540 as entre esta gente: y ansi los mercaderes
42 535 1176 642 le tomaron por dios: y le honrrauan de
47 600 1168 694 diuersas maneras: vna de las cosas, con
61 675 1183 817 que le honrrauan: era, que le ofrezian
48 761 1204 903 papel, y le cubijauan, con el mjsmo pa
40 855 1165 953 pel, donde qujera que estauan, sus es
48 927 1190 1045 tatuas. Tambien tenjan en mucha ve
43 1032 1201 1136 neraçion, al bacculo, conque camjnavā
55 1101 1188 1204 que era vna caña maziza, que ellos lla
49 1177 1168 1266 man vtlatl. Y tambien vsan de otra
55 1247 1171 1361 manera de baculo, que es vna caña
55 1325 1175 1422 negra liujana, maziza: sin ñudo njn
58 1395 1164 1510 guno: que es como junco, de los que se
73 1476 1197 1581 vsan en españa. Todos los mercaderes
52 1557 1186 1652 vsan desta manera de bacculos por elcamj
64 1621 1188 1755 no: y quando llegauan, adonde aujan
51 1702 1181 1822 de dormjr, juntauan todos sus baccu
62 1783 1176 1911 los, en vna gaujlla atados: y hincavā
64 1873 1240 1981 los ala cabecera: donde aujan de dormjr:
55 1937 1189 2067 y derramauan sangre, delante dellos, de
61 2008 1207 2111 la orejas, ode lalengua, ode las piernas
61 2089 1201 2210 o de los braços: y ofrezian copal, hazian
61 2169 1213 2303 fuego, y quemauanle delante, de los bac
66 2255 1182 2369 cculos: los quales tenjan por yma
54 2334 1203 2463 gen, del mjsmo dios: y enellos honrra
73 2399 1208 2536 uan, al mjsmo dios yiacatecutli: con
62 2485 1188 2608 esto le suplicauan, que los amparasse,
59 2567 1181 2685 de todo peligro. Estos mercaderes, dis
64 2649 1180 2758 curren por toda la tierra, tratando, cō
61 2741 1187 2848 prando en vna parte, y vendiendo en
67 2807 1166 2909 otra: lo que aujan comprado. Estos,
64 2892 1169 3010 mercaderes, discurren por todas las po
64 2974 1193 3088 blaciones, que estan ribera de la mar:
56 3042 1202 3146 y la tierra adentro, no dexan cosa, que
55 3139 1214 3238 no escudrjñan, y passean: en vnas par
64 3193 1187 3291 tes comprando, y en otras vendiendo:
69 3270 1180 3389 no dexan lugar, donde no buscan, lo q̄
64 3371 1190 3461 alli se puede comprar, o vender: nj por
57 3426 1212 3538 que la tierra, sea muy caliente, nj por
62 3500 1204 3627 que sea muy fria, nj porque sea muy
55 3570 1176 3684 aspera: no dexan de passarla, nj de
61 3673 1203 3771 trastornalla, buscando lo que en ella ay
72 3728 1173 3876 preçioso, o prouechoso, para comprar
1304 88 2007 273 de Jiacatecutli:
2231 134 2468 273 fo. 17.
1264 276 2436 478 Puchteca inteuh catca: cenca quj
1263 400 2456 570 maviztiliaia, qujtlaquentiaia ama
1271 544 2423 719 tica: yn jntopil, ymotlatopil, yn
1253 649 2421 838 inenemja, yn jmotlatocaia, incā
1271 797 2414 989 pa cuchizque, vncan qujtilque
1263 954 2435 1125 tza, ixpan tlamaceoa, mjço, quj
1269 1049 2407 1284 copaltemjlia, ynjc qujtlauhtia
1256 1214 2399 1399 yn jnteouh yiacatecutli, ynjc
1268 1360 2412 1559 qujtlanjlia, ynjc qujmataquj
1268 1496 2402 1680 lia, yteicneliliz: noujan aciti
1264 1611 2407 1810 nemj, calactinemj. Auh ic mo
1267 1742 2404 1913 teneoa, puchteca yiaque: itech
1260 1859 2440 2042 canque, yn itoca inteuh, yiaca
1257 1986 2421 2142 tecutli: Oztomeca, anaoac cala
1252 2106 2412 2298 qujnj, vel qujtemotinemj, in tle
1270 2251 2355 2422 in qujmonanauhtizque, ana
1263 2367 2435 2546 oatl qujxaqualotinemj, anaoatl
1258 2467 2410 2689 qujlacatzotinemj, tonalciiauh
1258 2614 2389 2782 tinemj, heecaciuhtinemj, mo
1248 2715 2387 2904 ciauhpouhtinemj, mociauhpo
1255 2848 2368 3028 uhtiuj, elciciuhtiuj, mociauh
1245 2972 2438 3186 quetztiuj, ymellelacitiuh, ymjx
1262 3100 2440 3307 qua tlatlatiuh intonal qujma
1257 3216 2400 3407 cujtiuj, intonalomjuh ietiuh:
1259 3364 2442 3524 ixtlaoatl qujnamjctinemj, atla
1260 3467 2436 3653 uhtli, tepetl, qujtemouja, quj
1245 3601 2414 3756 tlecauja, ixqujch caana: inmo
1241 3708 2456 3839 licpi, intetepon ic tlatlacça, ic mo
2357 3934 2434 4048 ro
