2568 4100
580 0 1220 206 ibro. E.
98 213 1306 377 nados, y cantando, y baylando,
96 332 1301 453 de dos endos hombres, y en me
107 411 1310 519 dio de cada dos hombres, vna mu
108 519 1297 668 ger: estosl hazian este areyto, era
100 603 1259 745 toda gente escogida, capitanes
90 714 1255 842 y otros valientes hombres exerci
94 795 1260 964 tados, en las cosas de la guerra. Es
81 921 1281 1071 tos que lleuauan las mugeres entre
91 1010 1293 1130 si, lleuauan assidas de las manos
84 1111 1289 1270 la otra gente noble, que no eran
91 1226 1270 1371 exercitados en la guerra, no en
85 1329 1276 1473 trauan en este areyto: yuan las
82 1452 1273 1584 mugeres muy ataujadas, con ri
84 1545 1259 1682 cos vipiles, y naoas: y labrados
94 1635 1262 1786 de diuersas labores, y muy costo
75 1728 1255 1886 sos, vnas lleuauan, naoas que
76 1841 1282 1987 llaman iollo, otras que llaman
74 1952 1254 2101 totolitipetlaio, otras que llamā
82 2074 1235 2208 cacamoliuhquj, otras que lla
80 2178 1272 2323 man, ylacatziuhquj, otlatzcallotl,
84 2312 1236 2428 otras que llaman petztic, todas
75 2371 1265 2510 con sus cortapisas, muy labradas.
64 2470 1249 2640 Y los vipiles, vnos lleuauan los q
83 2585 1231 2719 se llaman quappachpipilcac, o
75 2682 1246 2804 tros que llaman pocuipilli, otros
69 2790 1232 2941 que llaman iapalpipilcac, otros
76 2902 1230 3040 que llaman cacallo, otros que
64 3007 1237 3123 llaman mjmichcho, otros blan
58 3098 1250 3225 cos, sin ningun labor: las carga
60 3198 1230 3365 tas destos vipiles, lleuauan. v
61 3329 1267 3473 nos labores muy anchos, que cu
61 3412 1208 3577 brian todo el pecho: y las flo
50 3526 1261 3686 caduras de los vipiles, eranmuy
41 3628 1231 3792 anchas: baylauan estas mugeres
51 3721 1230 3886 encabello, los cabellos tendidos, y
58 3858 1195 3983 las trenças, conque soelen atar
1636 -2 2526 202 de las cerimonjas:
1408 238 2525 384 viltetl viuipantoca, tetecpanto
1391 342 2524 485 ca, chiquacenpantitoca: auh
1384 442 2497 588 in cempantli, matlatlatetl
1384 540 2525 685 actimanca: auh ynjc totoma
1383 648 2522 798 oac catca tlaujltetl hoontla
1379 768 2485 940 cujtlanaoatectli: auh ynjc
1375 890 2534 1046 quaquauhtic catca, ce cenqua
1370 1011 2503 1160 pantli: auh in ie iuhquj, mec
1375 1131 2498 1287 oalqujxoa, in cujcacali, cujça
1372 1260 2516 1383 tiujtze, mjtotitiujtze, intzatza
1363 1374 2501 1483 lan actiujtze in cioa: iehoan
1362 1482 2498 1619 tin in maaujltia, yn aujenj
1371 1585 2497 1708 me: iehoantin in tlatzonanti,
1362 1709 2473 1854 in tlapepenti, in tla cenqujx:
1353 1844 2467 1958 tilti: auh yn qujnnanamic
1346 1960 2504 2101 tia, yn inmatitech qujman
1349 2048 2513 2182 tiuj, can iehoantin in mauiz
1354 2171 2506 2311 tililonj, inteachcaoan, yoan
1333 2285 2507 2427 in telpochtequjoaque, yoan
1354 2403 2480 2565 in quaquachicti, yn otomj, y
1343 2533 2504 2677 oan in pipilti: amo tehoan mo
1331 2642 2492 2804 tecpana, canjllo tlama, in cā
1324 2763 2501 2917 pa onmoquetza tetlan. Auh
1333 2892 2470 3012 in cioa uel mocencaoa, vel
1327 3007 2493 3170 moiecchichioa, much qualli
1338 3131 2485 3278 in conmaquja, yn jncue ynj
1346 3237 2477 3399 vipil: yn incue cequj iollo, ce
1325 3355 2471 3513 quj totolitipetlaio, cequj caca
1335 3468 2469 3636 moliuhquj, cequj ilacatziuh
1327 3602 2436 3763 quj, anoço tlatzcallotl, cequj
1314 3734 2448 3849 çan petztic, muchi tene, mu
1327 3835 2480 4001 chi tlatenio, muchi cuetenio:
