2524 4002
298 15 834 193 de la fiesta
84 212 1092 359 la matassen, cantauan ydan
86 322 1094 458 cauan las mugeres, velando
88 411 1108 525 toda la noche, delante del cu,
89 525 1105 637 de la diosa xilonen: y esta q̄
86 622 1113 737 auja de morir, trayanla enel
84 694 1111 836 medio. El cantar que dezian
84 783 1145 902 era ahonrra de la diosa xilonē:
97 879 1110 1018 venjda la mañana, comenca
88 968 1114 1101 uan abaylar todos los hombres
80 1065 1119 1182 de cuenta, lleuauan todos en
72 1155 1129 1300 las manos, vnas cañas de ma
81 1268 1118 1405 hiz, como arrimandose aellas,
85 1347 1096 1476 a estas cañas de mahiz, llama
69 1447 1105 1584 uan totopanjtl. Tambien bayla
77 1559 1121 1691 uan las mugeres juntamente
71 1632 1129 1795 conla que auja de morir: y tra
63 1745 1108 1882 yan enplumadas, las piernas:
56 1837 1102 2001 y en los braços, con pluma colo
77 1924 1110 2070 rada: la cara lleuauan teñj
76 2030 1100 2183 da, con color a marillo desde
67 2139 1100 2273 la barba, hasta la nariz, y to
77 2261 1118 2395 das las qujxadas; y la frente,
89 2351 1122 2478 con color colorado: lleuauan
66 2440 1158 2630 todas gujrnaldas de flores ama
71 2569 1114 2712 rillas, que se llaman cempo
63 2628 1102 2816 al suchitl, y sartales de lo mjs
61 2755 1130 2898 mo las que yuan delante guj
67 2852 1135 2986 ando: las quales se llamauā
55 2927 1135 3078 Cioatlamacazque, queeran las
59 3054 1115 3185 que serujan, en los cues, que
59 3114 1093 3263 tambien biujan, en sus mones
49 3221 1123 3371 terios. Los hombres que yuan
48 3316 1122 3464 dancando, no yuan entre las
40 3425 1103 3567 mugeres: porque las mugeres,
36 3509 1087 3641 yuan todas juntas rodeadas
50 3598 1147 3710 de xilonen: que era, la que auja
40 3672 1127 3828 de morir: yuan cantando y bay
1286 -2 2067 189 ei tecujlhujtl
2246 65 2477 198 fos0.
1202 204 2340 345 ynic nauhcan aquja, vmpa xo
1201 316 2327 441 lloco, vmpa ontzonqujcaia, ca
1207 428 2308 556 qujtoctiaia, çan qujujcaltia
1205 525 2368 674 ia, yn nauhtetl xiuhtonalli:
1210 636 2296 780 yn acatl, in tecpatl, in ealli,
1203 728 2312 871 in tochtli, ynic tlaiaoaloti
1193 844 2340 1016 uh, ynic momalacachotiuh
1199 961 2314 1109 in xiuhtonalli. In ie iuh ioa
1204 1083 2350 1257 tzinco miquiz in xilonen: ce
1203 1186 2322 1346 iooal in cioapan cujcoia, to
1204 1311 2327 1439 cooaia, muchitlacatl ixtoço
1212 1433 2305 1556 oaia, amo cochia, mocochi
1209 1536 2322 1711 çoloaia in cioa, queoaia que
1210 1671 2326 1803 viliaia yn icujc. Auh yn ie
1200 1777 2312 1934 otlatujc, njman ic peoa in
1199 1878 2329 2057 netotilo, vel ixqujchtlacatl
1207 1997 2352 2154 intiachcaoan, in telpopuchti
1203 2147 2330 2284 yn iiaque, yoan intequjoa,
1200 2237 2326 2423 que, in cicintopil: ynjn moto
1212 2346 2346 2522 caiotia totopanjtl. No mjto
1195 2508 2336 2643 tia incioa, yn itech pouja inxi
1210 2595 2320 2739 lonen, mopopotonjaia tlapa
1221 2730 2314 2881 liujtica: yoan moxaoaia te
1200 2808 2326 2987 cocauhtica: no ic qujcotona, y
1195 2975 2347 3081 ninxaiac, yn jntenco, tecoça
1199 3048 2332 3209 uhtica: auh yn imixquac tla
1192 3151 2364 3323 palachiotica, ymjicpac xochi
1188 3294 2341 3439 uh, in xoxochicozquj cempoal
1192 3400 2339 3572 xuchitl yiacatiuh. Yn iehoa
1201 3547 2326 3688 yn, cioa, moteneoa cioatla
1212 3637 2337 3790 macazque, amo qujmonnelooa
