2646 4294
1058 88 1468 280 Alpendiz
49 257 1251 448 tado sobre ella. I por esto aujsauat
1353 295 2576 470 mauaya in jmjchpuchoan, qujmjltiuj
1356 433 2537 554 aja: macamo xiqujnecujcan, ma y
48 411 1242 567 asus hijos: que se guardassen de oler
1344 509 2532 642 pan aneholoti injn xuchitl, amo
50 527 1229 702 la, o de sentar se sobre ella, o de pas
1348 619 1899 733 tech momanaz.
47 636 535 790 sar sobre ella.
63 776 1276 1000 Capitulo tercero, de la flor ya
1362 804 2547 997 Injc ey capitulo, itechpa tlatoa
55 913 327 1054 hocta.
1358 956 2318 1094 in suchitl in yetlatlalilli.
68 1098 1244 1299 Dezian los viejos supersticiosos: que
1377 1107 2548 1276 Suchitl ie tlatlalilli: ca mjiec tlaman
1360 1241 2548 1367 tli injc motocaiotia in suchitl tlatla
57 1235 1237 1416 las flores, que se componen de mu
1339 1331 2593 1456 lilli, chimalsuchitl, quateçonsuchitl, qua
45 1354 1238 1506 chas flores, conque bajlan, y que
1365 1427 2550 1575 chic, vevetl, moiauac: In jtechpa yn su
61 1462 1265 1618 dan asus combidados: que anadie
1357 1554 2544 1662 chitl, nomotlapololtiaja in vevetque,
67 1567 1226 1690 le es licito oler, el medio della: por
1348 1633 2546 1768 qujtoaia: ca amo tonemac intlane
66 1675 1230 1821 que el medio desla, esta resexuado
1348 1733 2581 1886 pantla, in jnepantla tiqujnecujzque.
52 1791 1203 1971 para Tezcatlipuca: y que los hom
1362 1822 2535 1949 caçan iceltzin vel vncan motlane
1358 1935 2540 2082 cujltia in tloque naoaque, intitla
61 1925 1258 2106 bres, solamente pueden oler las oril
1355 2059 2572 2196 caoan: çan ijo tonemac, in vncan
53 2068 182 2196 las
1346 2165 2180 2287 titlanecujzque injtenco.
71 2330 1267 2512 Capitulo quarto, de los ma
1362 2362 2518 2535 Injc navi capitulo, itechpa
64 2481 303 2612 hizes.
1355 2488 2062 2642 tlatoa in tlaulli.
1338 2705 2612 2881 Injtechpa in tlaulli: mjiec tlaman
43 2744 1226 2899 Dezian tambien, los fupersticiosos
1352 2830 2591 2970 tli ocnoma icmotlapololtia in cioa.
68 2888 1295 3028 antiguos: y algunos aun agora lo vsā
1343 2944 2540 3091 Jnjc centlamantli: in jquac quj
59 2982 1258 3132 que el mahiz, ante que lo hechen en
1352 3070 2555 3195 cuxitia, in anoço qujnexquetza:
60 3100 1256 3247 la olla, para cozer se, ande resollar
1354 3195 2521 3321 izcatquj in jnnetlapololtiliz, inj
60 3202 1252 3377 lobre ello, como dando le anjmo: pa
1358 3274 2518 3424 quac ie contemazque in nexco
60 3317 1256 3451 raque no tema la cochura. Tambien
1344 3391 2579 3528 mjc: oc aehtopa conahaiovia, qujl
60 3433 1250 3590 dezian: que quando estaua derra
1359 3483 2579 3631 mach ic amo momauhtiz, ic amo
54 3545 1238 3692 mado algun mahiz, por el suelo: el
1356 3584 2514 3750 motonalmauhtiz: qujlmach ic
51 3646 1276 3793 quelo via, era obligado açogerlo: yel
1352 3698 2540 3847 con tonallalilia. Injc vntlaman
70 3762 1280 3893 que no lo cooia, hazia iniuria al ma
1346 3801 2544 3963 tli, injc muztlacavia: in tlaoqujt
65 3877 1302 4018 hiz: y el mahiz, se quexaua del, del
1348 3913 2519 4094 taque, in anoço oypan qujçato
