1898 2738
181 -1 589 108 Capitulo. .
88 119 912 215 ridades, y forma, y fortaleza, y seño
85 177 916 274 rios, y dignidades, y honrras: y las quj
85 233 907 329 taua, quando se le antojaua: por esto
78 295 906 364 le temjan, y reuerenciauan: porque
77 356 902 427 tenjan, que es su mano estaua, el le
87 409 899 474 uantar, y abatir. De la honrra, que
81 448 891 552 se le hazia, esta adelante, en el libro
72 503 258 584 segundo.
82 551 906 662 El quarto capitulo, trata: del di
86 634 904 742 os, que se llamava, tlaloc tlamacaz
81 716 199 824 quj.
135 791 907 874 Este dios, llamado tlaloc tlamacazquj,
87 843 923 916 era el dios de las lluujas: tenjan que el da
77 902 906 997 ua, las lluujas, paraque regassen la tie,
75 981 913 1058 rra: mediante la qual lluuja, se crjaua,
75 1022 915 1121 todas las yeruas, arboles, y frutas, ymā
72 1078 896 1175 tenjmjentos. Tambien tenjan, que el
70 1144 924 1247 embiaua el granizo, y los relampagos,
72 1203 891 1303 y rayos, y las tempestades del agua:
62 1274 898 1364 y los peligros, de los rios, y de la mar.
75 1312 890 1411 En llamarse, tlaloc tlamacazquj,
87 1391 915 1483 qujere dezir: que es dios, que habita,
80 1448 926 1551 en el parayso terrenal: y que da alos
75 1508 909 1608 hombres, los mantenjmjentos necessa
79 1559 912 1664 rios: para la vida corporal. Los seruj
71 1643 900 1731 cios, que se le hazian, estan en el se
73 1700 916 1801 gundo libro: entre las fiestas, de los di
65 1761 188 1851 dses.
112 1900 213 2003 sted
85 2051 262 2187 cas
85 2194 907 2325 El capitulo qujnto, trata: del
78 2298 893 2401 dios, que se llama, quetzalcoatl:
85 2363 542 2449 dios de los vientos.
106 2435 884 2538 Este quetzalcoatl, aunque fue hom
75 2508 914 2581 bre, tenjanle por dios; y dezian que ba
80 2557 880 2666 rria el camjno, a los dioses, del agua. Y
1037 -1 1332 102 ce tlaloc.
1691 28 1811 112 fo. 2
969 139 1781 242 caia, in necujltonolli: in tlatqujtl,
974 213 1795 312 in oqujchiotl, in tiacauhiutl, inte
972 303 1785 413 cuiotl, in tlatocaiutl, in pillotl, in
974 369 1229 467 mauizçotl.
981 472 1798 600 Jnjc nauj capitulo ytechpa tla
981 568 1797 699 toaia yn teutl, yn jtoca tlaloc, tla
968 686 1286 773 macazquj,
1002 793 1803 940 Tlaloc, tlamacazquj: ynjn ipan
974 897 1814 1027 machoia, in qujiaujtl: ca iehoatl quj
966 985 1779 1114 iocoaia, qujtemoujaia, qujpixo
972 1066 1811 1203 aia, in quijaujtl, yoan in teciujtl:
977 1153 1812 1297 qujxotlaltiaja, qujtzmolinaltiaja
974 1250 1810 1383 qujxoxuvialtiaja, quicueponal
973 1345 1769 1457 tiaja, quizcaltiaia in quaujtl,
965 1439 1777 1531 in çacatl, in tonacaiotl. Yoan no i
958 1514 1796 1621 tech tlamjloia, in teilaqujliztli, in
969 1615 1802 1726 tlaujtequjliztli. Auh ynjc mu
975 1695 1807 1813 chichioaia, tlaixtlilpopotzalli, tla
957 1789 1784 1890 ixolhujlli, motlilocac, ixmjchioa
956 1867 1782 1971 ve, ixmichioauhio, auachxicole,
960 1962 1776 2062 aiauhxicole, aztatzone, chalchi
959 2045 1786 2147 uhcozque, poçulcaque, no tzitzile,
958 2127 1294 2227 aztapilpane.
1029 2200 1781 2318 Jnic macujlli capitulo, ytech
960 2230 1024 2308 q
963 2293 1782 2400 pa tlatoa yn teutl, yn jtoca que
963 2365 1173 2453 tzalcoatl.
980 2431 1767 2524 Quetzalcoatl: yn ehecatl ynteia
969 2508 1776 2609 cancauh yn tlachpancauh in tlalo
