2648 4114
646 8 1180 168 Libro. 2.
111 219 1294 378 çamora, y estando muy caliente
106 334 1273 478 y casi herujendo, echauanlo en
106 431 1297 553 sus caxetes, enla casa que llama
111 524 1285 627 uan telpuchcali: ala mañana los
109 612 1303 770 mancebos, y muchachos andauan
114 699 1288 842 por las casas, donde aujan erra
117 792 1254 934 mado los dioses, y pedian limos
110 888 1310 1009 na, cada vno por si: ninguno anda
110 986 1287 1144 ua junto con otro, dauanlos aque
98 1080 1302 1222 lla macamorra, paraque comjosē.
78 1200 1301 1385 ylos mancebos de los coes, que lla
106 1304 1271 1430 mauan tlamaztoton, lleuauanlo
103 1398 1310 1543 al calmecac, alla la comjan: y los
118 1497 1264 1641 mancebos del pueblo, que llama
118 1610 1266 1747 uan telpupuchti: lleuanan la al
90 1717 1264 1866 telpuchcali, y alli la comjan. Des
96 1800 1313 1988 pues desto, yuan todos por los ma
86 1925 1295 2073 hizales y por los campos: y trayā
92 2037 1271 2170 cañas de mahiz, y otras yeruas,
84 2131 1292 2310 que llamauan, mecoatl: conestas
85 2233 1259 2406 yeruas, enrramauan al dios de
81 2354 1281 2491 las mieses, cuya ymagen, cada vno
71 2472 1262 2604 tenja ensu casa, y componjala con
84 2562 1275 2704 papeles, y ponjan comjda, delan
92 2653 1289 2817 te del, desta ymagen, cinco chiquj
92 2778 1286 2945 ujtes, con sus tortillas: y encima
80 2899 1295 3033 de cada chiqujujtl, vna rana asa
84 2998 1245 3137 da, de cierta manera guisada.
51 3075 1277 3240 y tambien ponjan delante desta
65 3195 1276 3361 ymagen, vn chiqujujte de hari
72 3296 1259 3445 ña de chian, que ellos llaman, pi
52 3402 1256 3562 nolli: otro chiqujujte, con mahiz tos
58 3539 1266 3657 tado, rebuelto con frisoles: cortauan
67 3617 1248 3748 vn cañuto, de mahiz verde, y en
72 3714 1270 3855 chiale, de todas aquellas viandas,
60 3813 1304 3967 tomando de cada cosa, vn poqujtito,
1680 -2 2524 163 de las cerimonjas.
1392 209 2599 376 Auh in ioaltica, yn oqujchiuhque, ci
1393 331 2601 466 oa atolli: aço quauhnexatolli, ano
1405 423 2619 554 co nextamalatolli, anoço xocoatolli:
1392 539 2589 680 injn atolli moteneoa, aquetzalli:
1396 642 2609 802 njman ie ic tlatlachpana yn jncal
1382 757 2620 923 pulco. Auh yn otlachpanque, njma
1396 896 2598 1011 ie ic qujteteca in atalli, izqujate
1387 974 2587 1131 comac, vel pepeiontimanj, pepe
1394 1104 2588 1227 tlantimanj, totontlapetztic, hy
1386 1203 2592 1349 potocquiztimanj: auh yn oceuh,
1392 1323 2579 1451 yno itztix, yn otetzaoac, yn omo
1398 1414 2579 1564 tlali, hitzotzoliuhtimanj, ioiolcati
1389 1518 2558 1670 manj. Auh yn otlathujc, intelpo
1375 1632 2597 1775 pochti in tlamacazque, noujian ne
1380 1745 2569 1895 mj, cencolnemj, tecalpanoa, quj
1381 1846 2558 1957 cenocujtiuj incalli, no iehoantin
1371 1963 2572 2089 yn tlamacazque: çan intlatlama
1377 2057 2564 2207 naia tlamattiuj, amo aca vel mo
1379 2182 2605 2309 nepanoaia, ynic motlaueuenjaia,
1368 2285 2552 2440 ynic motlaeujaia. Auh intla
1374 2405 2610 2539 monamjquja, in tla monepanoa,
1376 2487 2566 2627 ic motlauelia ic motlauelitta, ic
1372 2590 2581 2744 mihixnamiquj: in telpopochti, tel
1349 2705 2576 2854 pochcali qujtquj, vmpa qujpaloa:
1366 2823 2557 2975 Auh in tlamacazque, calmecac
1352 2928 2576 3106 qujtquj: njman ic vmpeoa, ynjn
1353 3047 2575 3180 mjlpan cinteuanazque, yn izquj
1365 3146 2561 3295 çan manj in mil, yn itech, yni
1368 3257 2566 3377 pan cecentetl milli, cecen cantiuj
1359 3342 2576 3489 in toctli. Auh in tlaxinmjlpan, ca
1353 3453 2542 3605 mecoatl in conana, qujoalitquj,
1347 3560 2532 3710 yn inchachan: qujnxoxochiotia
1361 3697 2558 3810 yn jncinteuoan, in cacalpulco quj
1360 3774 2546 3903 quetza: vncan qujntlaquentia,
1345 3884 2529 4024 qujntlamanjlia: tlacatlaqualli
