2698 4356
32 371 2661 592 Porque la tabla precedente de harde adiuinatoria esta difficultuosa de enten
21 515 2659 698 dary de contar: puse esta tabla que se sique, por que esta muy mas cla
12 664 2640 814 ra y la cuenta muy mas facil, y conforme a como ellos contauan. Y
12 755 2617 902 no piense nadie, que esta tabla es Palendario porque como dicho es, no
13 871 2641 1000 es crta sino arte a diuinatoria. El Tcalendarto destos naturales se poc
14 984 2627 1124 ne en el principio del segundo libro esta muy claro de entender, por
26 1078 2648 1275 gur las letras del abe: que tiene: de vna parte, se cuentan los meses
26 1261 2648 1377 suyjos, que son de veynte en veynte dias. Y de la otra parte, se cuentan
27 1339 2643 1457 los nuestros meses: que son de a tieynta dias vno mas lo menos.Y por
24 1456 2625 1633 estar esta cuenta desta manera, faeil cosa es saber sus fiestas, en que
34 1526 2650 1691 mez de los nuestros cayan: y a quantos dias de cada mes. La otia
3 1700 2600 1865 cuenta que es de los a単os, se pone en el septimo libro desta historia: a lli
15 1758 2185 1968 se podra ver, si pluqujere a nuestro se単or, que salga a luz.
