<?xml version="1.0" encoding="UTF-8" standalone="yes"?>
<PcGts xmlns="http://schema.primaresearch.org/PAGE/gts/pagecontent/2013-07-15" xmlns:xsi="http://www.w3.org/2001/XMLSchema-instance" xsi:schemaLocation="http://schema.primaresearch.org/PAGE/gts/pagecontent/2013-07-15 http://schema.primaresearch.org/PAGE/gts/pagecontent/2013-07-15/pagecontent.xsd">
    <Metadata>
        <Creator>prov=University of Rostock/Institute of Mathematics/CITlab|PLANET AI GmbH/Gundram Leifert/gundram.leifert@planet-ai.de:name=Florentine Codex(htr_id=24784)::::v=2.6.6
prov=University of Rostock/Institute of Mathematics/CITlab|PLANET AI GmbH/Tobias Gruening/tobias.gruening@planet-ai.de:name=de.uros.citlab.module.baseline2polygon.B2PSeamMultiOriented:v=2.6.6
prov=University of Rostock/Institute of Mathematics/CITlab|PLANET AI GmbH/Tobias Gruening/tobias.gruening@planet-ai.de:name=/net_tf/LA73_249_0mod360.pb:de.uros.citlab.segmentation.CITlab_LA_ML:v=2.6.6
Transkribus</Creator>
        <Created>2020-06-23T15:23:54.419-07:00</Created>
        <LastChange>2020-06-24T08:14:05.913+02:00</LastChange>
    </Metadata>
    <Page imageFilename="FC_Vol_1_508.png" imageWidth="2658" imageHeight="4010">
        <ReadingOrder>
            <OrderedGroup id="ro_1596736964946" caption="Regions reading order">
                <RegionRefIndexed index="0" regionRef="r1"/>
                <RegionRefIndexed index="1" regionRef="r2"/>
            </OrderedGroup>
        </ReadingOrder>
        <TextRegion orientation="0.0" id="r1" custom="readingOrder {index:0;}">
            <Coords points="116,91 116,3872 1367,3872 1367,91"/>
            <TextLine id="r1l1" custom="readingOrder {index:0;}">
                <Coords points="658,159 758,177 840,156 940,200 1019,168 1150,173 1151,64 1072,33 1024,45 960,0 894,31 810,26 778,-2 660,1"/>
                <Baseline points="666,146 691,147 716,147 741,147 766,147 791,147 816,147 841,147 866,147 891,146 917,146 942,146 967,146 992,147 1017,147 1042,149 1067,150 1092,152 1117,155 1143,158"/>
                <TextEquiv>
                    <Unicode>Li hro.</Unicode>
                </TextEquiv>
            </TextLine>
            <TextLine id="r1l2" custom="readingOrder {index:1;}">
                <Coords points="126,338 349,321 397,360 516,316 619,354 743,319 991,365 1113,318 1214,358 1317,322 1318,224 1179,240 1118,201 1024,245 910,209 634,248 483,211 384,248 231,189 126,240"/>
                <Baseline points="134,317 192,314 251,311 310,308 369,307 428,306 486,306 545,308 604,308 663,309 722,311 780,312 839,314 898,315 957,315 1016,317 1074,317 1133,317 1192,315 1251,314 1310,311"/>
                <TextEquiv>
                    <Unicode>de la estatua del sol, yle vesti</Unicode>
                </TextEquiv>
            </TextLine>
            <TextLine id="r1l3" custom="readingOrder {index:2;}">
                <Coords points="118,448 318,461 407,409 482,461 583,416 676,466 799,465 840,424 949,479 1300,410 1300,346 1122,321 824,376 516,317 398,360 118,365"/>
                <Baseline points="126,423 184,420 242,417 301,414 359,414 417,414 476,414 534,414 592,416 651,417 709,419 767,420 826,420 884,422 942,422 1001,422 1059,420 1117,419 1176,417 1234,413 1293,408"/>
                <TextEquiv>
                    <Unicode>an vn blumaje: que sellama</Unicode>
                </TextEquiv>
            </TextLine>
            <TextLine id="r1l4" custom="readingOrder {index:3;}">
                <Coords points="125,524 243,572 420,513 823,515 896,568 958,528 1327,526 1327,412 1000,475 891,472 839,424 765,470 124,448"/>
                <Baseline points="132,524 191,521 250,518 310,516 369,516 428,516 488,516 547,518 606,518 666,519 725,521 784,522 844,522 903,522 962,522 1022,522 1081,521 1140,518 1200,515 1259,510 1319,504"/>
                <TextEquiv>
                    <Unicode>Cueçaltonameiutl: y al medio</Unicode>
                </TextEquiv>
            </TextLine>
            <TextLine id="r1l5" custom="readingOrder {index:4;}">
                <Coords points="115,661 659,627 757,677 808,637 1067,623 1119,674 1187,632 1272,672 1308,657 1306,514 964,535 902,583 806,517 597,545 417,513 114,589"/>
                <Baseline points="123,651 181,647 240,642 299,639 358,635 417,633 475,632 534,630 593,629 652,629 711,627 769,627 828,628 887,629 946,629 1005,629 1063,629 1122,629 1181,629 1240,629 1299,629"/>
                <TextEquiv>
                    <Unicode>dia matauan captiuos. Y el q̄</Unicode>
                </TextEquiv>
            </TextLine>
            <TextLine id="r1l6" custom="readingOrder {index:5;}">
                <Coords points="115,760 243,790 480,759 533,797 738,752 1315,780 1315,668 1234,649 1067,685 994,630 836,685 115,661"/>
                <Baseline points="123,759 182,756 241,755 300,752 359,750 419,750 478,749 537,749 596,749 655,749 715,749 774,749 833,750 892,750 951,752 1011,752 1070,753 1129,753 1188,755 1247,756 1307,756"/>
                <TextEquiv>
                    <Unicode>nacia eneste dia: era indife</Unicode>
                </TextEquiv>
            </TextLine>
            <TextLine id="r1l7" custom="readingOrder {index:6;}">
                <Coords points="127,880 295,867 388,911 515,865 826,908 1318,892 1318,808 1034,778 932,815 547,806 486,767 434,802 127,804"/>
                <Baseline points="134,866 192,867 251,868 310,869 369,869 428,869 486,869 545,869 604,869 663,867 722,867 780,867 839,866 898,866 957,866 1016,866 1074,866 1133,866 1192,866 1251,867 1310,869"/>
                <TextEquiv>
                    <Unicode>rente, su ventura, o buena, o</Unicode>
                </TextEquiv>
            </TextLine>
            <TextLine id="r1l8" custom="readingOrder {index:7;}">
                <Coords points="114,995 892,1053 1224,989 1360,1014 1359,905 1278,890 1170,931 1086,896 544,933 473,896 389,932 327,883 113,916"/>
                <Baseline points="122,981 183,983 245,984 306,986 368,987 429,987 491,989 552,989 614,989 675,989 737,989 798,987 860,987 921,986 983,984 1044,983 1106,981 1167,980 1229,977 1290,975 1352,972"/>
                <TextEquiv>
                    <Unicode>mala. Ci era varon: seria hom</Unicode>
                </TextEquiv>
            </TextLine>
            <TextLine id="r1l9" custom="readingOrder {index:8;}">
                <Coords points="112,1112 491,1106 778,1172 981,1103 1300,1102 1278,1026 808,1063 675,1059 616,1011 355,1040 184,998 112,1031"/>
                <Baseline points="120,1092 178,1094 237,1095 295,1096 354,1098 413,1099 471,1101 530,1102 588,1103 647,1104 706,1106 764,1106 823,1106 881,1106 940,1106 999,1104 1057,1103 1116,1100 1174,1098 1233,1094 1292,1091"/>
                <TextEquiv>
                    <Unicode>bre valiente, y captiuaria</Unicode>
                </TextEquiv>
            </TextLine>
            <TextLine id="r1l10" custom="readingOrder {index:9;}">
                <Coords points="112,1245 507,1237 597,1282 699,1226 1339,1213 1336,1115 1297,1102 983,1106 923,1163 791,1186 741,1153 288,1184 192,1124 110,1156"/>
                <Baseline points="120,1244 180,1238 241,1234 301,1230 362,1227 422,1225 483,1223 543,1222 604,1221 664,1220 725,1220 786,1218 846,1218 907,1217 967,1217 1028,1215 1088,1214 1149,1212 1209,1209 1270,1206 1331,1202"/>
                <TextEquiv>
                    <Unicode>los enemigos, o moriria en</Unicode>
                </TextEquiv>
            </TextLine>
            <TextLine id="r1l11" custom="readingOrder {index:10;}">
                <Coords points="131,1382 193,1367 263,1415 447,1341 614,1382 942,1331 1300,1349 1280,1243 845,1223 594,1317 492,1241 127,1247"/>
                <Baseline points="138,1370 195,1363 253,1358 311,1352 368,1348 426,1345 484,1341 541,1340 599,1338 657,1337 715,1335 772,1335 830,1335 888,1334 945,1334 1003,1333 1061,1332 1118,1331 1176,1329 1234,1328 1292,1325"/>
                <TextEquiv>
                    <Unicode>la guerra, porque dezian,</Unicode>
                </TextEquiv>
            </TextLine>
            <TextLine id="r1l12" custom="readingOrder {index:11;}">
                <Coords points="140,1520 484,1455 701,1492 827,1441 1303,1461 1327,1342 393,1364 137,1438"/>
                <Baseline points="147,1484 205,1478 264,1473 323,1467 382,1463 440,1460 499,1457 558,1454 617,1452 675,1449 734,1448 793,1446 852,1445 910,1443 969,1442 1028,1440 1087,1439 1145,1437 1204,1436 1263,1434 1322,1431"/>
                <TextEquiv>
                    <Unicode>que ental signo nacio: y to</Unicode>
                </TextEquiv>
            </TextLine>
            <TextLine id="r1l13" custom="readingOrder {index:12;}">
                <Coords points="130,1589 1339,1588 1337,1484 1260,1458 1047,1501 775,1463 639,1509 227,1481 129,1519"/>
                <Baseline points="137,1578 196,1575 256,1573 316,1571 375,1569 435,1566 495,1565 554,1563 614,1562 674,1560 734,1560 793,1559 853,1557 913,1557 972,1557 1032,1557 1092,1557 1151,1557 1211,1557 1271,1559 1331,1559"/>
                <TextEquiv>
                    <Unicode>dos hazian penjtencia, chicos,</Unicode>
                </TextEquiv>
            </TextLine>
            <TextLine id="r1l14" custom="readingOrder {index:13;}">
                <Coords points="119,1692 404,1691 460,1740 596,1698 674,1745 810,1684 880,1734 1274,1710 1295,1641 1064,1640 999,1594 595,1632 401,1580 119,1638"/>
                <Baseline points="126,1683 184,1682 242,1682 300,1682 358,1683 416,1683 474,1685 532,1686 590,1688 648,1688 706,1689 764,1691 822,1692 880,1693 938,1694 996,1694 1054,1694 1112,1693 1170,1692 1228,1689 1287,1688"/>
                <TextEquiv>
                    <Unicode>hombres, y mugeres: y cortauan</Unicode>
                </TextEquiv>
            </TextLine>
            <TextLine id="r1l15" custom="readingOrder {index:14;}">
                <Coords points="115,1812 240,1805 348,1866 414,1820 570,1859 791,1823 1088,1874 1312,1856 1312,1754 1161,1728 827,1763 640,1734 585,1771 410,1711 355,1748 189,1705 115,1729"/>
                <Baseline points="123,1794 182,1800 241,1804 300,1807 359,1810 418,1812 477,1814 536,1815 595,1815 654,1815 714,1815 773,1815 832,1814 891,1814 950,1812 1009,1812 1068,1811 1127,1811 1186,1811 1245,1811 1305,1811"/>
                <TextEquiv>
                    <Unicode>la orejas, y sacauan la sangre: a</Unicode>
                </TextEquiv>
            </TextLine>
            <TextLine id="r1l16" custom="readingOrder {index:15;}">
                <Coords points="113,1943 470,2013 882,1956 1247,2012 1369,1986 1370,1864 1001,1891 542,1843 420,1902 113,1874"/>
                <Baseline points="120,1934 182,1936 244,1938 306,1940 368,1941 430,1943 492,1943 554,1944 616,1944 678,1944 741,1943 803,1943 865,1943 927,1943 989,1943 1051,1943 1113,1943 1175,1943 1237,1943 1299,1944 1362,1946"/>
                <TextEquiv>
                    <Unicode>honrra del sol, dezian: que con esto</Unicode>
                </TextEquiv>
            </TextLine>
            <TextLine id="r1l17" custom="readingOrder {index:16;}">
                <Coords points="108,2112 444,2131 516,2099 582,2139 711,2097 969,2150 1231,2098 1269,2131 1342,2105 1343,2010 929,2044 753,1966 581,2019 250,2032 182,1984 109,2028"/>
                <Baseline points="116,2090 176,2087 237,2085 298,2084 359,2082 420,2084 481,2084 542,2085 603,2087 664,2090 725,2091 785,2094 846,2096 907,2097 968,2099 1029,2099 1090,2099 1151,2098 1212,2096 1273,2093 1334,2090"/>
                <TextEquiv>
                    <Unicode>se creauan el fol. La septima casa</Unicode>
                </TextEquiv>
            </TextLine>
            <TextLine id="r1l18" custom="readingOrder {index:17;}">
                <Coords points="112,2241 306,2224 494,2278 555,2235 1186,2254 1313,2181 1313,2111 1239,2161 1183,2128 932,2169 804,2120 656,2163 112,2119"/>
                <Baseline points="120,2204 179,2207 238,2211 297,2214 357,2216 416,2219 475,2219 534,2220 594,2222 653,2222 712,2222 771,2220 831,2220 890,2220 949,2219 1008,2217 1068,2217 1127,2216 1186,2215 1245,2214 1305,2214"/>
                <TextEquiv>
                    <Unicode>de este signo: sellama suchitl</Unicode>
                </TextEquiv>
            </TextLine>
            <TextLine id="r1l19" custom="readingOrder {index:18;}">
                <Coords points="128,2346 1291,2358 1310,2241 289,2281 198,2226 128,2261"/>
                <Baseline points="135,2319 193,2323 251,2327 310,2330 368,2331 426,2332 485,2333 543,2333 601,2333 660,2331 718,2331 776,2330 835,2330 893,2329 951,2328 1010,2328 1068,2330 1126,2330 1185,2333 1243,2335 1302,2339"/>
                <TextEquiv>
                    <Unicode>dezian: que era indiferente, bi</Unicode>
                </TextEquiv>
            </TextLine>
            <TextLine id="r1l20" custom="readingOrder {index:19;}">
                <Coords points="130,2455 591,2438 761,2479 975,2444 1023,2485 1320,2447 1337,2377 964,2335 877,2391 715,2346 535,2389 374,2353 130,2385"/>
                <Baseline points="138,2436 197,2436 257,2436 316,2436 376,2436 435,2436 495,2438 554,2438 614,2439 673,2439 733,2441 793,2441 852,2441 912,2441 971,2442 1031,2442 1090,2441 1150,2441 1209,2439 1269,2438 1329,2436"/>
                <TextEquiv>
                    <Unicode>en afortunado, ymal afortuna</Unicode>
                </TextEquiv>
            </TextLine>
            <TextLine id="r1l21" custom="readingOrder {index:20;}">
                <Coords points="132,2551 375,2600 533,2558 785,2560 875,2603 1336,2573 1337,2477 1184,2456 892,2508 825,2457 725,2489 646,2452 561,2509 133,2456"/>
                <Baseline points="140,2547 199,2547 258,2547 318,2547 377,2547 437,2549 496,2549 555,2550 615,2552 674,2553 734,2555 793,2555 852,2556 912,2558 971,2559 1031,2559 1090,2559 1149,2559 1209,2559 1268,2558 1328,2556"/>
                <TextEquiv>
                    <Unicode>da: especialmente, que los pinto</Unicode>
                </TextEquiv>
            </TextLine>
            <TextLine id="r1l22" custom="readingOrder {index:21;}">
                <Coords points="136,2695 745,2669 1017,2732 1061,2693 1187,2725 1325,2683 1325,2615 1105,2630 1010,2575 944,2612 469,2570 397,2624 329,2572 137,2558"/>
                <Baseline points="144,2684 202,2681 261,2678 319,2676 378,2676 437,2675 495,2675 554,2676 613,2676 671,2678 730,2678 789,2679 847,2681 906,2681 965,2682 1023,2682 1082,2682 1141,2681 1199,2681 1258,2679 1317,2676"/>
                <TextEquiv>
                    <Unicode>res honrrauan este ligno, que</Unicode>
                </TextEquiv>
            </TextLine>
            <TextLine id="r1l23" custom="readingOrder {index:22;}">
                <Coords points="120,2819 654,2796 788,2840 1088,2843 1157,2803 1344,2814 1345,2743 922,2708 858,2740 751,2682 427,2732 365,2697 121,2705"/>
                <Baseline points="128,2805 188,2798 248,2795 309,2791 369,2789 430,2789 490,2789 551,2789 611,2790 672,2792 732,2794 792,2796 853,2799 913,2801 974,2802 1034,2804 1095,2804 1155,2804 1216,2802 1276,2799 1337,2795"/>
                <TextEquiv>
                    <Unicode>sellama suchitl: y le hazian vna</Unicode>
                </TextEquiv>
            </TextLine>
            <TextLine id="r1l24" custom="readingOrder {index:23;}">
                <Coords points="133,2943 380,2911 460,2959 614,2922 1260,2946 1261,2850 1182,2818 1128,2860 968,2821 836,2854 713,2810 134,2848"/>
                <Baseline points="140,2918 195,2913 251,2910 306,2909 362,2907 418,2906 473,2907 529,2907 585,2909 640,2910 696,2912 752,2913 807,2915 863,2916 919,2918 974,2919 1030,2919 1086,2919 1141,2919 1197,2918 1253,2915"/>
                <TextEquiv>
                    <Unicode>estatua, y le dauan ofrendas.</Unicode>
                </TextEquiv>
            </TextLine>
            <TextLine id="r1l25" custom="readingOrder {index:24;}">
                <Coords points="139,3053 548,3062 594,3031 749,3086 862,3050 1219,3079 1315,3037 1316,2970 1166,2980 1042,2934 784,2988 308,2916 212,2963 141,2947"/>
                <Baseline points="147,3018 205,3018 263,3020 321,3021 379,3023 437,3024 495,3026 553,3028 611,3030 669,3032 727,3033 785,3035 843,3035 901,3036 959,3036 1017,3038 1075,3036 1133,3036 1191,3035 1249,3033 1308,3032"/>
                <TextEquiv>
                    <Unicode>tambien las mugeres labrande</Unicode>
                </TextEquiv>
            </TextLine>
            <TextLine id="r1l26" custom="readingOrder {index:25;}">
                <Coords points="134,3161 360,3192 658,3127 713,3173 774,3145 919,3193 972,3144 1056,3189 1342,3137 1342,3074 133,3080"/>
                <Baseline points="141,3146 200,3143 260,3141 319,3140 379,3140 439,3140 498,3140 558,3140 618,3141 677,3143 737,3143 797,3144 856,3144 916,3144 976,3144 1035,3144 1095,3143 1155,3140 1214,3137 1274,3134 1334,3128"/>
                <TextEquiv>
                    <Unicode>ras honrraua este signo, y ayuna</Unicode>
                </TextEquiv>
            </TextLine>
            <TextLine id="r1l27" custom="readingOrder {index:26;}">
                <Coords points="139,3261 834,3255 1025,3300 1364,3252 1365,3181 1220,3148 1034,3222 700,3162 575,3201 139,3179"/>
                <Baseline points="146,3242 206,3242 267,3242 327,3242 388,3243 448,3245 509,3245 569,3246 630,3248 690,3249 751,3251 811,3252 872,3252 932,3252 993,3252 1053,3252 1114,3251 1174,3249 1235,3246 1295,3243 1356,3239"/>
                <TextEquiv>
                    <Unicode>uan: antes ochenta, o quarenta</Unicode>
                </TextEquiv>
            </TextLine>
            <TextLine id="r1l28" custom="readingOrder {index:27;}">
                <Coords points="114,3365 216,3348 295,3389 459,3349 1031,3417 1324,3375 1325,3281 455,3252 362,3295 256,3257 115,3301"/>
                <Baseline points="122,3348 181,3347 241,3347 301,3347 361,3348 420,3350 480,3351 540,3354 600,3357 659,3359 719,3362 779,3364 839,3365 898,3367 958,3368 1018,3368 1078,3366 1137,3365 1197,3361 1257,3357 1317,3351"/>
                <TextEquiv>
                    <Unicode>o veynte dias, que llegassen a</Unicode>
                </TextEquiv>
            </TextLine>
            <TextLine id="r1l29" custom="readingOrder {index:28;}">
                <Coords points="107,3517 577,3514 634,3477 740,3537 1038,3484 1252,3531 1372,3496 1373,3427 1253,3379 1059,3423 594,3369 108,3400"/>
                <Baseline points="116,3483 178,3480 240,3479 303,3478 365,3477 428,3477 490,3479 552,3479 615,3480 677,3482 740,3483 802,3485 864,3485 927,3486 989,3488 1052,3488 1114,3486 1176,3486 1239,3485 1301,3482 1364,3479"/>
                <TextEquiv>
                    <Unicode>la fiesta, deste signo suchitl: por</Unicode>
                </TextEquiv>
            </TextLine>
            <TextLine id="r1l30" custom="readingOrder {index:29;}">
                <Coords points="118,3616 376,3646 502,3599 602,3641 762,3604 960,3642 1335,3615 1334,3497 851,3547 118,3520"/>
                <Baseline points="126,3603 186,3600 246,3599 306,3597 366,3597 426,3597 486,3597 546,3599 606,3599 666,3600 726,3601 786,3602 846,3602 906,3602 966,3602 1026,3602 1086,3600 1146,3599 1206,3596 1266,3593 1326,3588"/>
                <TextEquiv>
                    <Unicode>razon que le pedian que les di</Unicode>
                </TextEquiv>
            </TextLine>
            <TextLine id="r1l31" custom="readingOrder {index:30;}">
                <Coords points="117,3754 1354,3746 1375,3639 1103,3613 878,3656 815,3608 324,3663 238,3609 116,3660"/>
                <Baseline points="125,3717 187,3717 249,3717 311,3716 373,3716 435,3714 497,3714 559,3713 621,3713 683,3711 746,3711 808,3710 870,3710 932,3708 994,3708 1056,3708 1118,3708 1180,3708 1242,3710 1304,3710 1367,3711"/>
                <TextEquiv>
                    <Unicode>esse, y fauoreciesse en sus labores,</Unicode>
                </TextEquiv>
            </TextLine>
            <TextLine id="r1l32" custom="readingOrder {index:31;}">
                <Coords points="123,3862 450,3899 704,3861 1336,3878 1336,3772 1059,3772 961,3730 831,3781 123,3770"/>
                <Baseline points="131,3837 190,3839 250,3839 310,3839 370,3839 430,3838 490,3837 550,3836 610,3834 670,3831 730,3830 789,3829 849,3828 909,3827 969,3827 1029,3828 1089,3830 1149,3831 1209,3834 1269,3839 1329,3845"/>
                <TextEquiv>
                    <Unicode>de bien pintar: y a las mugeres,</Unicode>
                </TextEquiv>
            </TextLine>
            <TextEquiv>
                <Unicode>Li hro.
de la estatua del sol, yle vesti
an vn blumaje: que sellama
Cueçaltonameiutl: y al medio
dia matauan captiuos. Y el q̄
nacia eneste dia: era indife
rente, su ventura, o buena, o
mala. Ci era varon: seria hom
bre valiente, y captiuaria
los enemigos, o moriria en
la guerra, porque dezian,
que ental signo nacio: y to
dos hazian penjtencia, chicos,
hombres, y mugeres: y cortauan
la orejas, y sacauan la sangre: a
honrra del sol, dezian: que con esto
se creauan el fol. La septima casa
de este signo: sellama suchitl
dezian: que era indiferente, bi
en afortunado, ymal afortuna
da: especialmente, que los pinto
res honrrauan este ligno, que
sellama suchitl: y le hazian vna
estatua, y le dauan ofrendas.
tambien las mugeres labrande
ras honrraua este signo, y ayuna
uan: antes ochenta, o quarenta
o veynte dias, que llegassen a
la fiesta, deste signo suchitl: por
razon que le pedian que les di
esse, y fauoreciesse en sus labores,
de bien pintar: y a las mugeres,</Unicode>
            </TextEquiv>
        </TextRegion>
        <TextRegion orientation="0.0" id="r2" custom="readingOrder {index:1;}">
            <Coords points="1406,104 1406,3953 2622,3953 2622,104"/>
            <TextLine id="r2l1" custom="readingOrder {index:0;}">
                <Coords points="1563,195 1591,207 1605,199 1634,225 1691,195 1726,190 1729,106 1711,107 1695,93 1685,95 1669,77 1612,86 1567,79"/>
                <Baseline points="1571,168 1600,171 1629,173 1659,174 1688,174 1718,174"/>
                <TextEquiv>
                    <Unicode>A.</Unicode>
                </TextEquiv>
            </TextLine>
            <TextLine id="r2l2" custom="readingOrder {index:1;}">
                <Coords points="1415,345 2527,368 2586,357 2587,221 2474,269 2216,210 2064,248 1795,252 1705,205 1602,266 1416,242"/>
                <Baseline points="1424,320 1481,320 1539,321 1597,323 1655,323 1712,324 1770,326 1828,326 1886,327 1943,327 2001,329 2059,329 2117,329 2174,329 2232,329 2290,329 2348,329 2405,329 2463,327 2521,326 2579,324"/>
                <TextEquiv>
                    <Unicode>tiaia, ic noiotl, netolinjliztli qujlz</Unicode>
                </TextEquiv>
            </TextLine>
            <TextLine id="r2l3" custom="readingOrder {index:2;}">
                <Coords points="1414,475 2386,471 2458,508 2601,449 2601,384 2447,365 2167,386 1899,341 1591,391 1415,346"/>
                <Baseline points="1422,456 1480,456 1539,456 1597,456 1656,456 1714,458 1773,459 1831,461 1890,461 1948,463 2007,464 2065,465 2124,467 2182,467 2241,468 2299,467 2358,467 2416,465 2475,463 2533,459 2592,456"/>
                <TextEquiv>
                    <Unicode>tinemj, acan ixtona, in tlalticpac,</Unicode>
                </TextEquiv>
            </TextLine>
            <TextLine id="r2l4" custom="readingOrder {index:3;}">
                <Coords points="1409,626 1937,596 2174,633 2597,586 2570,496 2393,524 2228,477 2062,519 1804,473 1652,526 1408,479"/>
                <Baseline points="1416,599 1474,595 1533,593 1591,593 1650,591 1709,591 1767,592 1826,593 1885,593 1943,594 2002,594 2061,596 2119,596 2178,595 2237,594 2295,593 2354,591 2413,588 2471,584 2530,579 2589,573"/>
                <TextEquiv>
                    <Unicode>acan tlaltecpac ca, acan motztica,</Unicode>
                </TextEquiv>
            </TextLine>
            <TextLine id="r2l5" custom="readingOrder {index:4;}">
                <Coords points="1399,803 1585,733 1736,735 1794,782 1852,751 1933,806 2066,728 2299,771 2570,733 2568,633 1395,606"/>
                <Baseline points="1406,752 1463,748 1521,744 1579,740 1637,738 1695,735 1752,733 1810,732 1868,731 1926,729 1984,728 2041,728 2099,728 2157,728 2215,726 2273,726 2330,725 2388,725 2446,723 2504,723 2562,722"/>
                <TextEquiv>
                    <Unicode>açan vel oqujchpia: ic mjtoaia,</Unicode>
                </TextEquiv>
            </TextLine>
            <TextLine id="r2l6" custom="readingOrder {index:5;}">
                <Coords points="1415,936 1641,944 1826,891 2356,944 2474,862 2592,853 2589,733 2345,816 2220,772 2093,824 1902,786 1667,829 1412,808"/>
                <Baseline points="1422,888 1480,885 1538,883 1596,882 1654,880 1712,879 1770,878 1829,878 1887,878 1945,876 2003,876 2061,875 2119,873 2177,872 2236,870 2294,869 2352,866 2410,862 2468,857 2526,852 2585,845"/>
                <TextEquiv>
                    <Unicode>çanjman iuhqujz, iuhquj iroliliz,</Unicode>
                </TextEquiv>
            </TextLine>
            <TextLine id="r2l7" custom="readingOrder {index:6;}">
                <Coords points="1424,1045 2581,1041 2596,884 2527,935 2280,955 2178,910 2075,959 2011,904 1686,967 1419,931"/>
                <Baseline points="1431,1026 1489,1022 1547,1019 1605,1016 1663,1014 1721,1013 1779,1011 1837,1010 1895,1010 1953,1010 2011,1008 2069,1008 2127,1007 2185,1005 2243,1002 2301,999 2359,995 2417,990 2475,984 2533,976 2591,968"/>
                <TextEquiv>
                    <Unicode>iutquj itlaçatiliz, iuhquj itonal,</Unicode>
                </TextEquiv>
            </TextLine>
            <TextLine id="r2l8" custom="readingOrder {index:7;}">
                <Coords points="1411,1181 1538,1202 1908,1143 2472,1180 2623,1134 2620,1026 2365,1081 2187,1026 1972,1079 1885,1045 1407,1061"/>
                <Baseline points="1419,1176 1478,1165 1538,1157 1598,1151 1658,1147 1718,1145 1777,1142 1837,1142 1897,1141 1957,1142 2017,1142 2076,1142 2136,1143 2196,1142 2256,1141 2316,1139 2375,1136 2435,1131 2495,1124 2555,1116 2615,1106"/>
                <TextEquiv>
                    <Unicode>iuhquj, ipzan malti, iuh can tlaçat,</Unicode>
                </TextEquiv>
            </TextLine>
            <TextLine id="r2l9" custom="readingOrder {index:8;}">
                <Coords points="1400,1356 1478,1306 2222,1278 2430,1319 2619,1274 2615,1177 2353,1222 2274,1179 1665,1170 1494,1210 1393,1178"/>
                <Baseline points="1407,1317 1467,1310 1527,1303 1587,1298 1647,1293 1707,1290 1767,1287 1828,1286 1888,1284 1948,1283 2008,1283 2068,1281 2128,1281 2188,1280 2249,1278 2309,1276 2369,1272 2429,1269 2489,1263 2549,1258 2610,1250"/>
                <TextEquiv>
                    <Unicode>atlacacemelle mn jtonotl, ca tequanj,</Unicode>
                </TextEquiv>
            </TextLine>
            <TextLine id="r2l10" custom="readingOrder {index:9;}">
                <Coords points="1408,1512 1560,1512 1716,1431 1943,1421 2011,1469 2089,1417 2609,1412 2626,1291 2024,1334 1848,1302 1771,1366 1403,1393"/>
                <Baseline points="1413,1448 1473,1442 1533,1437 1594,1433 1654,1430 1715,1428 1775,1426 1836,1424 1896,1424 1957,1422 2017,1422 2077,1421 2138,1419 2198,1418 2259,1415 2319,1412 2380,1408 2440,1402 2501,1397 2561,1389 2622,1380"/>
                <TextEquiv>
                    <Unicode>tequantonale. ref. Aut innraolin</Unicode>
                </TextEquiv>
            </TextLine>
            <TextLine id="r2l11" custom="readingOrder {index:10;}">
                <Coords points="1420,1647 1755,1593 1851,1635 2143,1632 2256,1564 2619,1540 2616,1442 2351,1437 2265,1504 2109,1515 2068,1478 1995,1514 1804,1427 1687,1522 1416,1527"/>
                <Baseline points="1425,1581 1484,1579 1543,1575 1602,1574 1662,1572 1721,1571 1780,1571 1839,1569 1899,1569 1958,1568 2017,1568 2076,1566 2136,1565 2195,1563 2254,1559 2313,1556 2373,1551 2432,1547 2491,1541 2550,1534 2610,1524"/>
                <TextEquiv>
                    <Unicode>qujtonaltiaia: iuhqujtoaia, itotas</Unicode>
                </TextEquiv>
            </TextLine>
            <TextLine id="r2l12" custom="readingOrder {index:11;}">
                <Coords points="1410,1775 1610,1741 1832,1788 2402,1780 2617,1732 2611,1568 2477,1552 2401,1629 2294,1642 1865,1659 1781,1597 1714,1642 1405,1650"/>
                <Baseline points="1415,1712 1474,1710 1534,1709 1593,1708 1653,1707 1713,1706 1772,1706 1832,1704 1891,1703 1951,1703 2011,1701 2070,1698 2130,1697 2189,1694 2249,1691 2309,1689 2368,1684 2428,1680 2487,1675 2547,1669 2607,1662"/>
                <TextEquiv>
                    <Unicode>itonatiuh, cenca qujmaviztiliaia</Unicode>
                </TextEquiv>
            </TextLine>
            <TextLine id="r2l13" custom="readingOrder {index:12;}">
                <Coords points="1399,1889 2125,1890 2296,1839 2356,1876 2598,1871 2594,1740 2376,1797 2303,1767 1810,1797 1611,1742 1396,1783"/>
                <Baseline points="1406,1854 1465,1853 1524,1851 1583,1850 1642,1848 1701,1848 1760,1847 1820,1847 1879,1845 1938,1844 1997,1842 2056,1842 2115,1840 2174,1838 2234,1836 2293,1835 2352,1832 2411,1829 2470,1825 2529,1821 2589,1817"/>
                <TextEquiv>
                    <Unicode>in. NMotecuçuma: yn jquac, y, inq</Unicode>
                </TextEquiv>
            </TextLine>
            <TextLine id="r2l14" custom="readingOrder {index:13;}">
                <Coords points="1410,2026 1726,1983 2589,2000 2585,1857 2468,1921 2185,1918 1973,1864 1704,1924 1407,1893"/>
                <Baseline points="1418,1997 1476,1991 1534,1987 1592,1983 1650,1982 1708,1979 1766,1977 1824,1976 1882,1975 1940,1974 1999,1974 2057,1973 2115,1973 2173,1973 2231,1971 2289,1970 2347,1968 2405,1965 2463,1962 2521,1959 2580,1955"/>
                <TextEquiv>
                    <Unicode>quetzaia naohn, tlacotonaia, tle</Unicode>
                </TextEquiv>
            </TextLine>
            <TextLine id="r2l15" custom="readingOrder {index:14;}">
                <Coords points="1402,2130 2542,2124 2614,2087 2612,2002 2467,2059 2388,2011 2228,2061 1939,2016 1749,2016 1678,2065 1591,2017 1399,2024"/>
                <Baseline points="1410,2126 1469,2121 1529,2117 1589,2114 1649,2111 1709,2110 1769,2109 1828,2109 1888,2109 1948,2109 2008,2109 2068,2109 2128,2109 2188,2108 2247,2106 2307,2105 2367,2102 2427,2099 2487,2093 2547,2087 2607,2079"/>
                <TextEquiv>
                    <Unicode>tlamacaia, mnixpan ixiptta tona</Unicode>
                </TextEquiv>
            </TextLine>
            <TextLine id="r2l16" custom="readingOrder {index:15;}">
                <Coords points="1402,2270 1536,2256 1608,2301 2007,2242 2473,2258 2600,2219 2599,2152 2477,2163 2425,2122 2208,2192 1954,2132 1400,2142"/>
                <Baseline points="1409,2258 1468,2255 1527,2252 1586,2251 1645,2250 1704,2249 1763,2249 1823,2249 1882,2249 1941,2250 2000,2250 2059,2250 2118,2249 2177,2249 2237,2248 2296,2246 2355,2243 2414,2241 2473,2237 2532,2232 2592,2226"/>
                <TextEquiv>
                    <Unicode>tiuti, qujtlaliaca itoca cuecaltona</Unicode>
                </TextEquiv>
            </TextLine>
            <TextLine id="r2l17" custom="readingOrder {index:16;}">
                <Coords points="1418,2401 2526,2405 2603,2371 2602,2254 2508,2241 2390,2298 2115,2263 2043,2312 1862,2255 1417,2337"/>
                <Baseline points="1425,2397 1483,2396 1542,2394 1600,2393 1659,2391 1717,2390 1776,2390 1834,2390 1893,2390 1951,2389 2010,2388 2068,2388 2127,2388 2185,2388 2244,2388 2302,2388 2361,2388 2419,2387 2478,2387 2536,2385 2595,2384"/>
                <TextEquiv>
                    <Unicode>meiotl: auh in nepantla tonatiuli</Unicode>
                </TextEquiv>
            </TextLine>
            <TextLine id="r2l18" custom="readingOrder {index:17;}">
                <Coords points="1415,2581 1745,2628 1907,2537 2427,2546 2575,2504 2574,2454 2525,2433 2407,2479 2158,2390 2017,2403 1886,2473 1414,2483"/>
                <Baseline points="1422,2540 1479,2538 1536,2536 1593,2534 1651,2532 1708,2532 1765,2531 1822,2531 1880,2531 1937,2531 1994,2529 2051,2529 2109,2529 2166,2529 2223,2529 2280,2528 2338,2528 2395,2526 2452,2525 2509,2522 2567,2520"/>
                <TextEquiv>
                    <Unicode>mjquja, mjctiloia mn mamalti:</Unicode>
                </TextEquiv>
            </TextLine>
            <TextLine id="r2l19" custom="readingOrder {index:18;}">
                <Coords points="1415,2721 1492,2737 1568,2695 1983,2738 2190,2665 2386,2703 2442,2666 2576,2676 2573,2518 2454,2567 2364,2544 2278,2613 2198,2569 2132,2618 1610,2622 1552,2583 1503,2629 1413,2613"/>
                <Baseline points="1422,2684 1479,2682 1536,2679 1593,2677 1651,2675 1708,2673 1765,2672 1823,2670 1880,2669 1937,2667 1995,2666 2052,2666 2109,2664 2166,2664 2224,2663 2281,2663 2338,2661 2396,2661 2453,2660 2510,2660 2568,2660"/>
                <TextEquiv>
                    <Unicode>auh maqujn apan tlacati, atla</Unicode>
                </TextEquiv>
            </TextLine>
            <TextLine id="r2l20" custom="readingOrder {index:19;}">
                <Coords points="1414,2825 2364,2877 2457,2834 2522,2875 2573,2846 2571,2665 2147,2753 1413,2722"/>
                <Baseline points="1422,2814 1479,2813 1536,2813 1593,2811 1650,2811 1707,2810 1764,2810 1822,2808 1879,2808 1936,2807 1993,2805 2050,2805 2107,2804 2164,2804 2222,2804 2279,2802 2336,2802 2393,2802 2450,2802 2507,2802 2565,2804"/>
                <TextEquiv>
                    <Unicode>vel inezca, vme vitzqujtoa, yn tla</Unicode>
                </TextEquiv>
            </TextLine>
            <TextLine id="r2l21" custom="readingOrder {index:20;}">
                <Coords points="1411,2996 1731,2936 1824,2985 1951,2951 2467,3001 2605,2934 2590,2826 2461,2892 2082,2893 1949,2848 1884,2892 1760,2838 1530,2862 1410,2821"/>
                <Baseline points="1419,2954 1481,2948 1543,2943 1605,2942 1667,2940 1729,2940 1791,2940 1853,2942 1915,2943 1977,2945 2039,2946 2101,2948 2163,2948 2225,2948 2287,2946 2349,2945 2411,2940 2473,2934 2535,2928 2598,2918"/>
                <TextEquiv>
                    <Unicode>qujchthi aço tlamaz, anoço iaqula</Unicode>
                </TextEquiv>
            </TextLine>
            <TextLine id="r2l22" custom="readingOrder {index:21;}">
                <Coords points="1423,3116 1597,3078 1775,3086 1832,3129 2011,3089 2539,3114 2596,3087 2596,2970 2543,3013 2212,3026 1654,2949 1609,2982 1555,2939 1493,2996 1422,2990"/>
                <Baseline points="1430,3089 1491,3084 1552,3080 1613,3078 1674,3077 1735,3077 1796,3078 1857,3078 1918,3080 1979,3081 2040,3083 2101,3084 2162,3086 2223,3086 2284,3084 2345,3081 2406,3077 2467,3072 2528,3066 2589,3056"/>
                <TextEquiv>
                    <Unicode>qujs: muhqujtoaia, caicamozisc:</Unicode>
                </TextEquiv>
            </TextLine>
            <TextLine id="r2l23" custom="readingOrder {index:22;}">
                <Coords points="1428,3233 2567,3229 2567,3101 2219,3153 1569,3093 1428,3153"/>
                <Baseline points="1436,3216 1492,3215 1548,3213 1604,3212 1660,3212 1716,3213 1772,3213 1829,3215 1885,3216 1941,3218 1997,3219 2053,3220 2109,3221 2165,3221 2222,3221 2278,3219 2334,3218 2390,3214 2446,3210 2502,3205 2559,3198"/>
                <TextEquiv>
                    <Unicode>tia: mntonatiuh, ic muchi tlacatl</Unicode>
                </TextEquiv>
            </TextLine>
            <TextLine id="r2l24" custom="readingOrder {index:23;}">
                <Coords points="1430,3344 1990,3365 2056,3410 2150,3359 2309,3382 2615,3337 2615,3252 2532,3211 1978,3277 1820,3238 1713,3283 1645,3240 1430,3233"/>
                <Baseline points="1437,3347 1495,3344 1554,3344 1612,3344 1671,3345 1729,3347 1788,3348 1846,3351 1905,3353 1963,3356 2022,3358 2080,3359 2139,3360 2197,3360 2256,3360 2314,3358 2373,3355 2431,3349 2490,3343 2548,3335 2607,3324"/>
                <TextEquiv>
                    <Unicode>tlamaceoaia, yn jquac, y, in vncdi</Unicode>
                </TextEquiv>
            </TextLine>
            <TextLine id="r2l25" custom="readingOrder {index:24;}">
                <Coords points="1417,3525 2069,3573 2195,3505 2586,3495 2585,3357 2437,3363 2273,3450 1416,3419"/>
                <Baseline points="1424,3497 1481,3494 1539,3492 1596,3491 1654,3491 1712,3492 1769,3493 1827,3495 1885,3497 1942,3498 2000,3500 2058,3501 2115,3502 2173,3502 2231,3501 2288,3499 2346,3496 2404,3491 2461,3485 2519,3477 2577,3467"/>
                <TextEquiv>
                    <Unicode>cemvetzi, ipaneça, aiac mocaoa,</Unicode>
                </TextEquiv>
            </TextLine>
            <TextLine id="r2l26" custom="readingOrder {index:25;}">
                <Coords points="1419,3647 1808,3646 2126,3703 2289,3650 2385,3690 2560,3662 2561,3547 2431,3581 2310,3555 2242,3603 2191,3566 1420,3558"/>
                <Baseline points="1427,3632 1483,3630 1539,3630 1595,3631 1652,3633 1708,3635 1764,3637 1821,3641 1877,3644 1933,3645 1990,3648 2046,3651 2102,3651 2158,3653 2215,3653 2271,3651 2327,3648 2384,3644 2440,3639 2496,3631 2553,3621"/>
                <TextEquiv>
                    <Unicode>aiac ixcavi, vel mochi tlacatl, qn</Unicode>
                </TextEquiv>
            </TextLine>
            <TextLine id="r2l27" custom="readingOrder {index:26;}">
                <Coords points="1408,3843 1514,3836 1581,3779 2296,3829 2599,3776 2600,3674 1906,3722 1733,3667 1530,3660 1474,3697 1409,3661"/>
                <Baseline points="1416,3770 1474,3770 1533,3771 1592,3773 1651,3776 1710,3779 1768,3782 1827,3785 1886,3789 1945,3791 2004,3795 2062,3796 2121,3797 2180,3797 2239,3795 2298,3792 2356,3789 2415,3784 2474,3776 2533,3766 2592,3753"/>
                <TextEquiv>
                    <Unicode>oqujchtli, in cioatl, im piltzineli, iua</Unicode>
                </TextEquiv>
            </TextLine>
            <TextLine id="r2l28" custom="readingOrder {index:27;}">
                <Coords points="1407,3910 1560,3908 1687,3961 1830,3921 1939,3965 2093,3931 2406,3950 2588,3888 2588,3790 2452,3827 2354,3801 2185,3873 2124,3818 1896,3793 1408,3843"/>
                <Baseline points="1415,3896 1473,3896 1531,3897 1589,3899 1648,3903 1706,3905 1764,3908 1822,3912 1881,3915 1939,3918 1997,3920 2055,3921 2114,3923 2172,3921 2230,3921 2288,3918 2347,3913 2405,3907 2463,3899 2521,3890 2580,3878"/>
                <TextEquiv>
                    <Unicode>nacaztequia, mjçoia, mjto aucdia.</Unicode>
                </TextEquiv>
            </TextLine>
            <TextEquiv>
                <Unicode>A.
tiaia, ic noiotl, netolinjliztli qujlz
tinemj, acan ixtona, in tlalticpac,
acan tlaltecpac ca, acan motztica,
açan vel oqujchpia: ic mjtoaia,
çanjman iuhqujz, iuhquj iroliliz,
iutquj itlaçatiliz, iuhquj itonal,
iuhquj, ipzan malti, iuh can tlaçat,
atlacacemelle mn jtonotl, ca tequanj,
tequantonale. ref. Aut innraolin
qujtonaltiaia: iuhqujtoaia, itotas
itonatiuh, cenca qujmaviztiliaia
in. NMotecuçuma: yn jquac, y, inq
quetzaia naohn, tlacotonaia, tle
tlamacaia, mnixpan ixiptta tona
tiuti, qujtlaliaca itoca cuecaltona
meiotl: auh in nepantla tonatiuli
mjquja, mjctiloia mn mamalti:
auh maqujn apan tlacati, atla
vel inezca, vme vitzqujtoa, yn tla
qujchthi aço tlamaz, anoço iaqula
qujs: muhqujtoaia, caicamozisc:
tia: mntonatiuh, ic muchi tlacatl
tlamaceoaia, yn jquac, y, in vncdi
cemvetzi, ipaneça, aiac mocaoa,
aiac ixcavi, vel mochi tlacatl, qn
oqujchtli, in cioatl, im piltzineli, iua
nacaztequia, mjçoia, mjto aucdia.</Unicode>
            </TextEquiv>
        </TextRegion>
    </Page>
</PcGts>
