2540 3888
634 -2 1122 187 Librō. E
122 210 1265 340 de oro, atados alas piernas, como los lleuā
136 307 1264 389 los que baylan: este ansi adornado, dan
137 379 1273 465 çauaion los otros, enesta fiesta, en las dā
135 436 1258 527 cas blebejas, yua delante gujando. Este
132 480 1272 583 el mjsmo, y de su voluntad, y ala hora que
129 560 1279 670 queria, se ponja en las maños, de los quele
119 620 1253 725 aujan de matar, aquellos satrapas, que
120 691 1251 777 le tenjan para quando le matauan, los
138 746 1239 844 llamauan tlatlacaanalti: en las manos
136 806 1246 914 destos, le cortauan los pechos, y le sacauā
132 861 1288 970 el coraçon, y despues le cortauan lacabeça,
125 926 1262 1035 yla espetauan enel palo, que llamauan
122 983 1247 1083 tzompantli, cabe la del otro mancebo, de
129 1062 1237 1142 que diximos al principio. Este mismo
133 1118 1269 1191 dia, los satrapas del templo, dauan vnas
141 1166 1281 1255 cuchilladillas, con nauaja de piedra, alos
128 1221 1300 1325 njños, y niñas, enel pecho, y en el estoma
142 1297 1281 1380 go, y en los morcillos, de los braços, y en las
137 1371 1264 1426 muñeças: estas senales parece, que eran
134 1403 1268 1501 como yerro del demonjo, conque erraua
143 1469 1283 1568 asus guejas: y los que agora toda via ha
124 1530 1270 1613 zen estas senales, no carecen de macula
138 1592 1267 1695 de ydolatria, si despues del baptismo la
136 1663 1260 1740 recibieron, cada año en esta fiesta, señala
137 1715 1285 1833 uan alos njños, y njñas, con estas señales.
595 1918 697 2029 E
126 1970 1226 2153 Capitulo septimo: de la fies
131 2092 1236 2257 ta, y sacrificios, que se hazi
113 2190 1283 2359 an, enlas tzalendas del sex
117 2322 1296 2477 to mes: que se llamaua etzal
118 2432 508 2628 qualiztli.
123 2678 1258 2841 A sexto mes, llamauan etzalqualiz
136 2810 1263 2932 tli: eneste mes hazian fiesta, a hon
135 2916 1289 3024 rra de los dioses del agua, o de la plu
128 2972 1272 3120 uja; que llamauan tlaloque. Ante
124 3079 1265 3227 de llegar esta fiesta, los satrapas de
136 3178 1282 3321 los ydolos, ayunauan quatro dias:
129 3267 1261 3420 y ante de començar el ayuno, yuā
132 3369 1261 3508 por juncias a vna fuente, que esta
131 3454 1218 3592 cabe el pueblo, que llaman citlal
123 3548 1247 3687 tepec : porque alli se hazen, muy
136 3645 1246 3785 grandes: y muy gruesas juncias:
129 3721 1268 3858 as quales llaman aztapilin, o tol
1601 32 2461 191 delas cerimonjas
1366 230 2478 385 conquauhço, çan no iuhtlantica
1365 336 2398 457 niuh quauhcotica titlacaoan.
1366 429 2467 561 Auh çan no iquac y, tepaxa
1360 547 2454 664 tla in tlamacazque, qujnpaxo
1355 613 2461 765 tla in telpopuchti, in telpuch
1350 731 2479 872 pipil: yoan ynoc vel pipiltoto
1360 834 2433 982 ti, yn cocolco onoque: ynic
1359 940 2449 1088 quinpaxotla ymelpan, ymel
1355 1064 2501 1201 chiqujppan, yoan nenecoc yma
1359 1154 2490 1317 colpan yoan in matzotzopaz
1353 1274 2485 1430 pan: çan yio iquac, y, in mu
1351 1408 2470 1541 chioaia, yn ipan toxcatl: apeoal
1345 1507 2510 1655 co, cexiuhtica ic ontlatzonqujça.
1972 1921 2357 2013 ommacujlli
1362 1962 2482 2148 Jnic cenpanlli, capitulo, itech
1340 2089 2478 2234 pa tlatoa yn ilhujtl, yoan ynjn
1359 2200 2461 2348 tlamanaliz in quichioaia, yni
1347 2318 2465 2470 pan ic cemilhujtl, ynic chiqua
1334 2412 2474 2568 cen metztli, in moteneoaia Etzal
1334 2535 1682 2687 qualiztli.
1336 2690 2475 2848 Etzalqualiztli: ynin ilhujtl, yn
1342 2816 2475 2951 aiamo onaxioa, in ipan muchi
1344 2934 2482 3068 oaia: achtopa motlalocaçaoaia
1341 3021 2483 3160 in tlamacazque: nahujlvitl yn
1339 3109 2482 3274 aiamo vmpeoa, in necaoaliztich
1340 3257 2459 3376 topa ontolanaia, vmpa in ci
1344 3325 2448 3473 tlaltepec: iehica ca cenca viiac
1348 3446 2458 3575 yn vmpa muchioaia tullin, ito
1354 3546 2437 3647 ca aztapilin, anoço tolmimj
1349 3630 2486 3776 lli: conca, viac, cenca vitlatztic,
1339 3732 2486 3852 yoan cenca tziniztac: yoan mjmjl
