1984 2742
548 -2 840 126 libro. 1.
100 152 986 257 secreto, que jamas dezian, lo que aujan
108 227 976 327 oydo, en la confession: porque tenjan,
119 301 986 399 que no lo aujan oydo ellos, sino sudi
118 354 994 458 os: delante de qujen solo, se descubri
114 431 980 522 an, los peccados: no se pensaua, que
120 502 971 605 hombre, los vujesse oydo, nj hombre,
121 573 994 682 se vujessen dicho: sino adios. Cerca
121 638 991 760 de lo arriba dicho sabemos: que aun despu
120 713 977 811 es aca, enel xp̄ianjsmo, porfian alleuar
120 776 979 886 lo adelante, en quanto toca, a hazer penj
124 838 989 951 tencia: y confessarse, por los peccados gra
116 900 992 1021 ues, y publicos: como es homjcidio, adulte
122 978 965 1086 rio. Et . pensando, que como enel tiempo
136 1050 968 1172 passado, por la confession, y penitencia,
129 1102 989 1254 que hazian: se les perdonauan, aquellos
129 1182 984 1322 peccados, enel foro judicial. Tambien ago
139 1270 999 1380 ra, quando alguno mata, o adultera: aco
140 1331 1008 1444 jese, an̄r̄as casas, y monasterios, y callā
140 1382 987 1521 do, lo que hizieron: dizen que qujeren
127 1457 1015 1584 hazer, penjtencia: y cauan, en la huerta,
132 1536 993 1663 y barren encasa, y hazen lo que les man
139 1581 1011 1706 dan: y confiessan se de ay algunos dias: yen
133 1656 980 1772 tonce, de claran su peccado: y la causa,
135 1723 1010 1871 porque vinjeron, a hazer penjtencia. Aca
131 1782 982 1922 bada, su confession, demandan vna cedu
121 1853 1010 2012 la firmada, del confessor: con proposito, de
140 1936 998 2063 mostrarla, alos que rigen, gouernador,
129 1995 1010 2150 y alcaldes: paraque sepan, que han he
140 2055 1007 2196 cho, penjtencia, y confessados: y que ya
135 2138 996 2279 no tiene nada, contra ellos, la justicia.
138 2213 1002 2339 Este embuste casi ninguno, de los religi
152 2311 996 2410 osos, nj clerigos, entienden, por donde
146 2363 1011 2482 va, por ignorar, la costumbre antigua
140 2427 1007 2581 que tenjan: segun que arriba, esta es
155 2514 995 2626 cripto: mas antes piensan, que la ce
144 2586 1002 2696 dula, la demandan: para mostrar, co
204 2647 988 2735 esta confessado, aquel año. Esto
1160 -1 1577 110 de los dioses.
1034 140 1862 261 ynjc tiqujxtiz: ca amo ma çan titla
1036 221 1915 344 maçooaz, ca teuhtli, tlaçulli in tictla
1036 327 1890 424 ça, tictlacoçoz, ticcujtlacueponiz ȳ
1032 412 1873 533 monenepil, mjxpampa ticaquiz,
1035 494 1912 615 motzintlan in ticqujxtiz, in tictla
1045 604 1871 728 çaz: aço çan cecen in ticqujxtiz,
1035 714 1907 812 anoço çan ticcenqujxtiz, tictlatla
1049 799 1909 924 çalhuiz, yn aço centzontli, aço vn
1047 875 1883 1003 tzontli, in ticqujxtiz tlacotl: ic po
1050 992 1866 1089 liuiz, in motlatlacul, in motlapil
1675 1055 1936 1130 siq algunacosa
1058 1075 1884 1191 chioal, im monequal. iuh in
1042 1168 1423 1247 de poca importancia
1055 1159 1910 1308 tiaçan xicca, yn jtlapilchioal, tla
1042 1266 1919 1394 maceuhquj: qujlhuja, timotenoa
1049 1372 1901 1500 tzaz, titlacatlaquaz, timocujtlax
1051 1459 1933 1589 culçaoaz, naujlhujtl: anoço qujlhuja
1051 1559 1897 1665 titlatotiz, timoteteuhcaoaz, titepi
1060 1651 1906 1787 quiz: anoço qujlhuja, ca nel vctli,
1048 1719 1899 1898 yn jpan otitlaneçomalti, tiqujn
1060 1826 1960 1979 qujxtiz in totochtin. Auh qujlhuja,
1060 1926 1916 2068 ynjc qujnaoatia: yn iquac tiaz,
1068 2018 1889 2145 yn titlamaceoaz ioaltica, atle
1063 2107 1918 2234 motech vetztiaz, tipetlauhtiaz:
1058 2184 1905 2337 yn momaxac, amatl tlaitzcope
1060 2277 1894 2397 oalli in mantiaz: centetl mjeam
1063 2367 1873 2507 pa, motzintlampa, mantiaz.
1072 2464 1905 2577 Auh yn jquac tioalmocuepaz,
1078 2531 1904 2658 vmpa tocontlaçaz yn jmjxpan
1059 2629 1889 2728 totecujooan, yn teteu, ymma
