2636 4282
550 113 1023 323 Librō
56 334 1224 496 dor: luego seleuantaua otro
61 450 1229 599 orador, por parte del mjsmo
67 541 1198 707 señor, y hazia otra oracion
67 597 1243 800 responsiua al proposito de lo
58 716 1263 895 que auja dicho aquel orador
65 820 1273 1001 primero. I quando haria la fies
64 957 1295 1093 ta este señor electo: daua muchas
73 1024 1274 1197 mantas, y maxtles ricos alos mes
61 1137 1284 1295 mos señores: que aujan veñjdo: de
81 1240 1305 1420 manera que mas cargados yvan, de
73 1367 1254 1528 lo que recebian del: queno aujan
83 1475 1318 1637 venjdo, de lo que le aujan traydo.
83 1605 1327 1748 Las mantas que daua el señor:
107 1706 1313 1857 eran todas preciosas, hechas en su
95 1781 1340 1965 casa: y texidas, o labradas de diuax
78 1919 1298 2058 las maneras: conforme alas per
95 2012 1346 2159 sonas, aqujen se aujan de dar: tam
82 2113 1319 2251 bien les daua mucha abundancia
99 2200 1303 2372 de comjdas, y yuan cargados de
95 2341 1006 2467 tas sobrae: para sus casal
130 3630 1372 3840 Capitulo veynte y seis,
138 3766 1337 3950 de como eneste signo: los
129 3913 1363 4097 señores se apareiauan, para
1462 155 1652 313 .
1343 307 2491 452 tlatoque, in vellatoa, in tlatolmati
1346 404 2491 567 qujtlacuepilia, qujntlananqujlilia:
1345 512 2497 666 aun canno iuj ichioalo, mnamjco,
1352 601 2528 742 can ic mocuepa in jnnetlacotlaliz, mjc
1343 715 2476 890 motlaneuj, mjc mjximatti, mjcmo
1352 816 2522 974 malcochoa, mjc mocoachioa, qujmo
1358 910 2529 1083 mamaca in xachitl, mjetl, in atl, in
1352 1025 2524 1186 tlaqualli, in tlaqualtectli: auh mtil
1356 1139 2521 1275 matli canqujqujmjliuhtiuh, çan quj
1355 1256 2487 1405 qujmjlietiuh, can qujmjltica in quj
1366 1371 2495 1503 momaca, in, in qujmotlauhtia, quj
1371 1465 2506 1597 iaiaçana in tlaço tilmath, in tetech
1376 1564 2510 1717 tilmatli, in vel intonal icalitic ochi
1386 1686 2528 1848 oaloc, otlatlan, iquac impan qujn
1360 1789 2540 1961 pepena, mpan qujnuelitta, qujntla
1384 1917 2528 2065 tlattilia, qujmjipantia, qujnpapan
1374 2057 2578 2185 tia, qujnpapanjtia, in quenamjqujn
1394 2153 2561 2279 macazque altepotl ipan tlatoque: mjl
1391 2242 2546 2382 nononqua qujnmaujztilia, qujnve
1383 2339 2553 2492 capano in totlaujcalhoan tlaliuj, tlā
1388 2456 2562 2625 tlaliuj, tlatlaltujtiuj, tlatlahooa, i
1389 2585 2560 2729 tlamamalo, in tlatlatqujoa, quaqua
1394 2693 2560 2849 ilpitiuh in netlauhtilli: auh mnetla
1396 2807 2572 2942 caujlli, atletlaçotli, atlatlaçotli, tlacuj
1392 2915 2584 3068 tlaputzmamalo, cujcujtlalpitiuh mjn
1392 3019 2532 3162 tlaceujl, qujmjtqujlia tlatoque, in
1405 3134 2515 3280 omopieco, ioam in cequjn can ote
1399 3235 1780 3404 nopiestico.
1415 3475 2564 3708 Injc cempoalli onchiqua
1415 3680 2523 3835 con capitulo: vncan motene
1419 3806 2570 3975 oa, in quenjn iehoantin tlato
