<?xml version="1.0" encoding="UTF-8" standalone="yes"?>
<PcGts xmlns="http://schema.primaresearch.org/PAGE/gts/pagecontent/2013-07-15" xmlns:xsi="http://www.w3.org/2001/XMLSchema-instance" xsi:schemaLocation="http://schema.primaresearch.org/PAGE/gts/pagecontent/2013-07-15 http://schema.primaresearch.org/PAGE/gts/pagecontent/2013-07-15/pagecontent.xsd">
    <Metadata>
        <Creator>prov=University of Rostock/Institute of Mathematics/CITlab|PLANET AI GmbH/Gundram Leifert/gundram.leifert@planet-ai.de:name=Florentine Codex(htr_id=24784)::::v=2.6.6
prov=University of Rostock/Institute of Mathematics/CITlab|PLANET AI GmbH/Tobias Gruening/tobias.gruening@planet-ai.de:name=de.uros.citlab.module.baseline2polygon.B2PSeamMultiOriented:v=2.6.6
prov=University of Rostock/Institute of Mathematics/CITlab|PLANET AI GmbH/Tobias Gruening/tobias.gruening@planet-ai.de:name=/net_tf/LA73_249_0mod360.pb:de.uros.citlab.segmentation.CITlab_LA_ML:v=2.6.6
Transkribus</Creator>
        <Created>2020-06-23T15:23:23.645-07:00</Created>
        <LastChange>2020-06-24T05:33:45.897+02:00</LastChange>
    </Metadata>
    <Page imageFilename="FC_Vol_1_42.png" imageWidth="1994" imageHeight="2738">
        <ReadingOrder>
            <OrderedGroup id="ro_1596736929949" caption="Regions reading order">
                <RegionRefIndexed index="0" regionRef="r1"/>
                <RegionRefIndexed index="1" regionRef="r2"/>
                <RegionRefIndexed index="2" regionRef="r3"/>
            </OrderedGroup>
        </ReadingOrder>
        <TextRegion orientation="0.0" id="r1" custom="readingOrder {index:0;}">
            <Coords points="46,60 46,2722 985,2722 985,60"/>
            <TextLine id="r1l1" custom="readingOrder {index:0;}">
                <Coords points="399,111 433,111 453,100 527,128 563,103 625,102 651,111 668,103 667,52 633,29 573,42 551,30 517,34 495,14 451,15 430,2 395,-1"/>
                <Baseline points="404,97 429,95 455,92 481,91 507,90 533,89 558,89 584,89 610,88 636,88 662,88"/>
                <TextEquiv>
                    <Unicode>libro. 1.</Unicode>
                </TextEquiv>
            </TextLine>
            <TextLine id="r1l2" custom="readingOrder {index:1;}">
                <Coords points="51,241 160,256 266,224 309,248 413,220 498,241 532,210 916,198 913,147 638,159 525,130 459,163 374,144 325,171 48,183"/>
                <Baseline points="56,235 98,230 141,226 184,223 226,220 269,217 312,215 354,213 397,211 440,209 483,207 525,206 568,205 611,203 653,202 696,200 739,198 781,197 824,195 867,192 910,190"/>
                <TextEquiv>
                    <Unicode>nos, y los sāgradores. Y tambien las parte</Unicode>
                </TextEquiv>
            </TextLine>
            <TextLine id="r1l3" custom="readingOrder {index:2;}">
                <Coords points="61,293 174,315 250,284 295,311 336,278 460,295 529,268 635,287 681,259 909,255 907,213 864,208 503,241 413,220 336,248 249,231 164,268 59,243"/>
                <Baseline points="66,290 107,286 149,284 191,280 233,278 275,275 317,272 359,270 401,268 443,266 485,264 526,262 568,260 610,259 652,257 694,255 736,254 778,252 820,250 862,248 904,247"/>
                <TextEquiv>
                    <Unicode>ras, y las que dan yeruas, para abortar</Unicode>
                </TextEquiv>
            </TextLine>
            <TextLine id="r1l4" custom="readingOrder {index:3;}">
                <Coords points="43,388 178,337 899,323 885,255 790,278 681,258 610,303 424,271 305,315 211,285 175,315 39,305"/>
                <Baseline points="46,347 88,343 130,340 172,337 215,334 257,332 299,329 342,327 384,324 426,322 469,320 511,318 553,317 595,315 638,313 680,311 722,310 765,308 807,306 849,304 892,302"/>
                <TextEquiv>
                    <Unicode>Y tambien, los adiujnos: que dizen la</Unicode>
                </TextEquiv>
            </TextLine>
            <TextLine id="r1l5" custom="readingOrder {index:4;}">
                <Coords points="61,424 324,386 872,379 876,314 788,346 649,327 590,351 536,322 486,347 179,336 59,383"/>
                <Baseline points="66,405 106,398 146,393 187,388 227,384 267,381 308,379 348,376 388,374 429,373 469,372 509,371 550,370 590,370 630,369 671,369 711,369 751,368 792,367 832,366 873,365"/>
                <TextEquiv>
                    <Unicode>buenauentura, o mala, que han dete</Unicode>
                </TextEquiv>
            </TextLine>
            <TextLine id="r1l6" custom="readingOrder {index:5;}">
                <Coords points="55,476 210,444 277,469 308,437 407,426 463,458 542,419 601,446 646,422 744,445 903,424 901,387 864,376 476,389 410,415 324,387 53,424"/>
                <Baseline points="60,458 101,452 143,448 185,444 227,440 269,436 311,433 352,431 394,428 436,426 478,425 520,423 562,422 604,421 645,420 687,419 729,418 771,418 813,417 855,416 897,416"/>
                <TextEquiv>
                    <Unicode>ner, los niños: segun su nacimjento.</Unicode>
                </TextEquiv>
            </TextLine>
            <TextLine id="r1l7" custom="readingOrder {index:6;}">
                <Coords points="68,525 404,516 477,486 868,503 913,481 911,431 733,446 686,423 66,469"/>
                <Baseline points="74,515 115,510 157,505 198,502 240,498 282,496 323,492 365,489 407,487 448,485 490,483 532,481 573,480 615,478 657,477 698,476 740,475 782,474 823,474 865,473 907,473"/>
                <TextEquiv>
                    <Unicode>Adorauanla tambien, los que echan suer</Unicode>
                </TextEquiv>
            </TextLine>
            <TextLine id="r1l8" custom="readingOrder {index:7;}">
                <Coords points="63,577 332,583 358,554 509,534 625,577 679,538 735,559 810,535 851,560 908,537 906,498 437,495 105,527 62,557"/>
                <Baseline points="68,570 109,566 151,562 193,559 234,555 276,552 318,549 359,546 401,543 443,541 485,539 526,537 568,535 610,534 651,533 693,532 735,531 776,531 818,531 860,531 902,531"/>
                <TextEquiv>
                    <Unicode>tes, con granos de mahiz: y los que agu</Unicode>
                </TextEquiv>
            </TextLine>
            <TextLine id="r1l9" custom="readingOrder {index:8;}">
                <Coords points="67,638 898,600 896,542 846,569 691,546 641,575 576,550 508,578 461,551 392,586 66,591"/>
                <Baseline points="72,626 113,622 154,619 195,616 236,613 277,611 318,609 359,607 400,605 441,603 482,602 523,601 564,599 605,598 646,597 687,596 728,595 769,594 810,593 851,592 892,590"/>
                <TextEquiv>
                    <Unicode>rean, mirando el agua, en vna escudi</Unicode>
                </TextEquiv>
            </TextLine>
            <TextLine id="r1l10" custom="readingOrder {index:9;}">
                <Coords points="61,707 925,661 922,602 596,630 504,610 472,637 201,622 59,655"/>
                <Baseline points="66,691 108,688 151,685 193,682 236,679 279,676 321,673 364,670 406,668 449,665 492,663 534,661 577,658 619,656 662,655 705,653 747,651 790,650 832,650 875,649 918,649"/>
                <TextEquiv>
                    <Unicode>lla. Y los que echan suertes, con vnas</Unicode>
                </TextEquiv>
            </TextLine>
            <TextLine id="r1l11" custom="readingOrder {index:10;}">
                <Coords points="65,772 267,744 370,770 444,727 863,724 912,713 911,682 691,674 585,705 542,682 455,704 283,689 198,721 62,719"/>
                <Baseline points="70,760 111,755 153,751 195,746 237,742 279,739 321,735 362,733 404,730 446,727 488,725 530,723 572,721 614,720 655,718 697,717 739,715 781,714 823,713 865,712 907,711"/>
                <TextEquiv>
                    <Unicode>cordeçuelas, que atan, vnas con otras:</Unicode>
                </TextEquiv>
            </TextLine>
            <TextLine id="r1l12" custom="readingOrder {index:11;}">
                <Coords points="67,852 149,815 463,788 552,811 586,784 651,802 715,781 780,806 839,778 901,805 906,724 481,727 355,781 199,763 63,795"/>
                <Baseline points="71,825 112,819 154,813 195,808 237,803 279,799 320,796 362,792 404,789 445,786 487,785 529,783 570,781 612,779 654,778 695,777 737,775 779,774 820,773 862,771 904,770"/>
                <TextEquiv>
                    <Unicode>que llaman, mecatlapouhque. Y los q</Unicode>
                </TextEquiv>
            </TextLine>
            <TextLine id="r1l13" custom="readingOrder {index:12;}">
                <Coords points="69,903 256,900 471,853 688,854 761,880 911,841 909,804 588,791 66,861"/>
                <Baseline points="74,888 115,882 157,876 198,872 240,867 281,863 323,860 364,857 406,854 447,851 489,849 531,847 572,846 614,844 655,842 697,840 738,839 780,837 821,835 863,833 905,831"/>
                <TextEquiv>
                    <Unicode>sacan, gusanillos, de la boca, y de los</Unicode>
                </TextEquiv>
            </TextLine>
            <TextLine id="r1l14" custom="readingOrder {index:13;}">
                <Coords points="76,975 166,935 219,962 410,920 747,926 926,888 924,858 760,880 687,854 646,885 605,859 496,881 435,861 373,890 308,873 72,910"/>
                <Baseline points="80,948 122,942 164,936 206,931 248,926 290,923 332,920 374,917 416,915 458,913 500,911 542,909 584,907 626,906 668,904 710,902 752,900 794,897 836,894 878,891 920,887"/>
                <TextEquiv>
                    <Unicode>ojos: y pedreçuelas, de las otras partes</Unicode>
                </TextEquiv>
            </TextLine>
            <TextLine id="r1l15" custom="readingOrder {index:14;}">
                <Coords points="81,1025 264,1014 294,989 374,1013 535,969 933,966 930,925 785,910 754,934 428,932 359,963 204,964 166,936 78,978"/>
                <Baseline points="86,1012 128,1005 170,999 212,993 254,989 296,985 338,981 380,978 422,975 464,972 506,970 548,968 590,967 632,965 674,963 716,961 758,959 800,958 842,955 884,953 926,951"/>
                <TextEquiv>
                    <Unicode>del cuerpo: que se llaman, tetlacujcuj</Unicode>
                </TextEquiv>
            </TextLine>
            <TextLine id="r1l16" custom="readingOrder {index:15;}">
                <Coords points="74,1085 254,1041 874,1037 912,1026 908,955 845,987 550,968 486,1008 405,986 373,1013 311,994 230,1029 70,1033"/>
                <Baseline points="78,1066 119,1061 160,1056 202,1052 243,1047 285,1044 326,1040 367,1037 409,1034 450,1031 492,1029 533,1027 574,1025 616,1023 657,1021 699,1019 740,1018 781,1017 823,1015 864,1013 906,1012"/>
                <TextEquiv>
                    <Unicode>lique. Tambien, la adorauan, los</Unicode>
                </TextEquiv>
            </TextLine>
            <TextLine id="r1l17" custom="readingOrder {index:16;}">
                <Coords points="84,1165 193,1116 676,1113 756,1083 907,1098 903,1040 743,1028 645,1057 80,1085"/>
                <Baseline points="88,1129 128,1122 169,1116 209,1111 250,1106 291,1102 331,1098 372,1095 412,1092 453,1090 494,1088 534,1086 575,1084 615,1083 656,1082 697,1081 737,1079 778,1079 818,1078 859,1077 900,1076"/>
                <TextEquiv>
                    <Unicode>que tienen, ensus casas, baños, o te</Unicode>
                </TextEquiv>
            </TextLine>
            <TextLine id="r1l18" custom="readingOrder {index:17;}">
                <Coords points="86,1208 256,1178 399,1196 448,1167 506,1184 707,1143 762,1174 804,1143 871,1173 936,1150 933,1103 770,1111 732,1084 679,1129 594,1103 247,1114 83,1165"/>
                <Baseline points="90,1190 132,1184 174,1178 216,1173 258,1169 300,1165 342,1162 384,1158 426,1156 468,1154 510,1152 552,1150 594,1148 636,1146 678,1145 720,1142 762,1140 804,1138 846,1135 888,1133 930,1129"/>
                <TextEquiv>
                    <Unicode>mazcales: y todos ponjan, la ymagen</Unicode>
                </TextEquiv>
            </TextLine>
            <TextLine id="r1l19" custom="readingOrder {index:18;}">
                <Coords points="83,1266 502,1219 841,1229 933,1199 931,1151 873,1178 830,1156 688,1183 553,1166 525,1193 465,1170 353,1208 258,1183 223,1217 179,1198 81,1227"/>
                <Baseline points="88,1256 130,1250 172,1244 214,1239 256,1235 298,1231 340,1228 382,1225 424,1223 466,1221 508,1219 550,1217 592,1216 634,1214 676,1213 718,1211 760,1208 802,1206 844,1203 886,1200 928,1196"/>
                <TextEquiv>
                    <Unicode>desta diosa, en los baños: y llamauā</Unicode>
                </TextEquiv>
            </TextLine>
            <TextLine id="r1l20" custom="readingOrder {index:19;}">
                <Coords points="85,1318 206,1330 260,1296 297,1314 393,1284 518,1309 575,1281 820,1294 931,1270 928,1216 501,1258 413,1234 202,1250 166,1282 83,1284"/>
                <Baseline points="90,1314 131,1308 173,1303 215,1298 257,1293 298,1291 340,1287 382,1285 424,1283 465,1281 507,1279 549,1278 591,1276 632,1275 674,1274 716,1272 758,1270 799,1269 841,1266 883,1264 925,1261"/>
                <TextEquiv>
                    <Unicode>la, Temazcalteci, que qujere dezir: la</Unicode>
                </TextEquiv>
            </TextLine>
            <TextLine id="r1l21" custom="readingOrder {index:20;}">
                <Coords points="86,1385 577,1342 870,1353 917,1333 914,1271 852,1298 748,1282 518,1308 393,1283 283,1338 232,1309 85,1354"/>
                <Baseline points="91,1375 132,1370 173,1366 214,1363 255,1360 296,1357 337,1354 378,1352 419,1349 460,1347 501,1345 542,1343 583,1341 624,1339 665,1337 706,1335 747,1333 788,1330 829,1327 870,1324 911,1321"/>
                <TextEquiv>
                    <Unicode>abuela, de los baños. Todos los arriba</Unicode>
                </TextEquiv>
            </TextLine>
            <TextLine id="r1l22" custom="readingOrder {index:21;}">
                <Coords points="86,1451 404,1410 694,1426 771,1390 935,1381 919,1330 875,1363 769,1337 82,1385"/>
                <Baseline points="91,1441 132,1436 174,1432 216,1427 258,1422 300,1419 342,1415 384,1412 426,1408 468,1406 510,1403 551,1401 593,1398 635,1395 677,1393 719,1391 761,1388 803,1386 845,1384 887,1382 929,1379"/>
                <TextEquiv>
                    <Unicode>dichos, hazian cada año, vna fiesta, aes</Unicode>
                </TextEquiv>
            </TextLine>
            <TextLine id="r1l23" custom="readingOrder {index:22;}">
                <Coords points="85,1514 251,1489 497,1488 526,1511 659,1460 924,1455 943,1393 80,1452"/>
                <Baseline points="90,1506 132,1499 175,1493 217,1488 260,1483 302,1479 345,1475 387,1471 430,1468 472,1465 515,1462 558,1460 600,1457 643,1455 685,1452 728,1450 770,1448 813,1445 855,1442 898,1439 941,1435"/>
                <TextEquiv>
                    <Unicode>ta diosa: enla qual, comprauan vna mu</Unicode>
                </TextEquiv>
            </TextLine>
            <TextLine id="r1l24" custom="readingOrder {index:23;}">
                <Coords points="91,1610 299,1541 901,1525 927,1519 923,1462 731,1457 530,1510 495,1490 309,1517 269,1495 85,1531"/>
                <Baseline points="93,1566 134,1561 175,1556 217,1551 258,1546 299,1542 341,1538 382,1534 423,1530 465,1527 506,1524 547,1521 589,1518 630,1515 671,1512 713,1510 754,1508 795,1506 837,1504 878,1502 920,1501"/>
                <TextEquiv>
                    <Unicode>ger: y la componjan, conlos ornamentos,</Unicode>
                </TextEquiv>
            </TextLine>
            <TextLine id="r1l25" custom="readingOrder {index:24;}">
                <Coords points="101,1642 463,1587 932,1569 939,1523 343,1539 97,1598"/>
                <Baseline points="104,1618 145,1613 187,1609 228,1604 270,1600 312,1595 353,1591 395,1587 436,1583 478,1580 520,1576 561,1573 603,1570 644,1568 686,1565 728,1563 769,1562 811,1560 852,1559 894,1558 936,1558"/>
                <TextEquiv>
                    <Unicode>que eran desta diosa: como parecen, enla</Unicode>
                </TextEquiv>
            </TextLine>
            <TextLine id="r1l26" custom="readingOrder {index:25;}">
                <Coords points="100,1696 162,1670 406,1668 510,1630 666,1662 722,1633 774,1652 830,1621 914,1624 910,1565 774,1563 727,1596 607,1604 467,1592 382,1625 142,1623 97,1648"/>
                <Baseline points="104,1672 144,1668 184,1664 224,1660 264,1656 305,1652 345,1648 385,1645 425,1642 465,1639 506,1635 546,1633 586,1630 626,1628 666,1625 707,1622 747,1620 787,1617 827,1615 867,1613 908,1610"/>
                <TextEquiv>
                    <Unicode>pintura, que es de su ymagen. Y todos</Unicode>
                </TextEquiv>
            </TextLine>
            <TextLine id="r1l27" custom="readingOrder {index:26;}">
                <Coords points="94,1764 171,1727 334,1711 392,1735 469,1700 527,1718 841,1680 930,1706 925,1634 799,1631 767,1657 716,1633 657,1664 508,1631 352,1682 123,1684 90,1713"/>
                <Baseline points="98,1737 139,1730 180,1724 221,1719 262,1715 304,1711 345,1707 386,1704 427,1701 468,1698 510,1695 551,1693 592,1690 633,1689 674,1686 716,1684 757,1682 798,1680 839,1677 880,1675 922,1672"/>
                <TextEquiv>
                    <Unicode>los dias, de su fiesta: hazian conella, arey</Unicode>
                </TextEquiv>
            </TextLine>
            <TextLine id="r1l28" custom="readingOrder {index:27;}">
                <Coords points="102,1804 283,1783 336,1804 463,1759 895,1771 953,1743 949,1682 363,1737 259,1718 99,1767"/>
                <Baseline points="106,1793 148,1787 190,1781 232,1776 274,1771 316,1767 358,1764 400,1760 442,1757 484,1755 526,1752 568,1750 610,1748 652,1746 694,1744 736,1742 778,1740 820,1738 862,1736 904,1733 946,1731"/>
                <TextEquiv>
                    <Unicode>to, y la regalauan mucho, y la halaga</Unicode>
                </TextEquiv>
            </TextLine>
            <TextLine id="r1l29" custom="readingOrder {index:28;}">
                <Coords points="112,1874 951,1807 947,1757 107,1807"/>
                <Baseline points="116,1850 157,1847 198,1843 240,1840 281,1837 323,1833 364,1831 405,1828 447,1824 488,1822 530,1819 571,1816 612,1813 654,1811 695,1808 737,1805 778,1803 819,1801 861,1799 902,1797 944,1794"/>
                <TextEquiv>
                    <Unicode>uan: porque no se entristeciesse, por su</Unicode>
                </TextEquiv>
            </TextLine>
            <TextLine id="r1l30" custom="readingOrder {index:29;}">
                <Coords points="106,1935 965,1867 960,1816 902,1810 102,1891"/>
                <Baseline points="110,1924 152,1919 194,1915 237,1909 279,1905 321,1901 364,1896 406,1893 448,1889 491,1885 533,1882 575,1879 618,1875 660,1872 702,1869 745,1866 787,1863 829,1860 872,1856 914,1854 957,1850"/>
                <TextEquiv>
                    <Unicode>muerte, nj llorasse: y la dauan de comer</Unicode>
                </TextEquiv>
            </TextLine>
            <TextLine id="r1l31" custom="readingOrder {index:30;}">
                <Coords points="107,1994 369,1963 453,1983 526,1951 743,1935 953,1943 948,1886 853,1878 604,1885 558,1915 374,1915 322,1943 103,1937"/>
                <Baseline points="112,1988 153,1982 195,1978 237,1973 278,1969 320,1964 362,1961 403,1957 445,1953 487,1949 529,1945 570,1942 612,1939 654,1937 695,1935 737,1932 779,1930 820,1929 862,1927 904,1926 946,1925"/>
                <TextEquiv>
                    <Unicode>delicadamente, y combidauan conlo que</Unicode>
                </TextEquiv>
            </TextLine>
            <TextLine id="r1l32" custom="readingOrder {index:31;}">
                <Coords points="114,2062 287,2031 626,2039 661,2003 701,2026 835,1993 931,2014 951,1957 552,1978 531,1959 417,1990 328,1973 111,2031"/>
                <Baseline points="118,2050 159,2045 201,2041 242,2036 284,2032 325,2028 367,2024 408,2019 450,2015 491,2011 533,2008 574,2005 616,2001 657,1998 699,1996 740,1994 782,1992 823,1990 865,1989 906,1988 948,1988"/>
                <TextEquiv>
                    <Unicode>auja de comer: y la rogauan, que comj</Unicode>
                </TextEquiv>
            </TextLine>
            <TextLine id="r1l33" custom="readingOrder {index:32;}">
                <Coords points="117,2154 214,2111 356,2126 510,2081 942,2062 957,2009 705,2032 662,2008 626,2041 531,2028 465,2056 112,2082"/>
                <Baseline points="120,2114 161,2110 203,2106 245,2102 286,2098 328,2095 370,2090 411,2087 453,2083 495,2080 537,2076 578,2074 620,2070 662,2068 703,2064 745,2062 787,2059 828,2057 870,2054 912,2051 954,2050"/>
                <TextEquiv>
                    <Unicode>esse, como agran señora. Y estas dias, ha</Unicode>
                </TextEquiv>
            </TextLine>
            <TextLine id="r1l34" custom="readingOrder {index:33;}">
                <Coords points="117,2199 390,2145 954,2121 961,2061 616,2083 545,2116 457,2089 356,2126 157,2124 113,2153"/>
                <Baseline points="121,2179 162,2173 204,2167 246,2162 288,2157 330,2152 372,2148 414,2144 456,2141 498,2137 540,2133 581,2131 623,2128 665,2125 707,2122 749,2119 791,2117 833,2114 875,2111 917,2108 959,2106"/>
                <TextEquiv>
                    <Unicode>zian delante della, ardides de guerra, cō</Unicode>
                </TextEquiv>
            </TextLine>
            <TextLine id="r1l35" custom="readingOrder {index:34;}">
                <Coords points="114,2255 230,2226 367,2247 459,2210 721,2215 781,2170 955,2194 948,2123 773,2115 639,2159 325,2161 288,2191 109,2198"/>
                <Baseline points="119,2241 160,2235 201,2229 243,2223 284,2218 325,2213 367,2208 408,2203 449,2199 491,2196 532,2192 573,2188 615,2184 656,2181 697,2178 739,2175 780,2172 821,2170 863,2167 904,2164 946,2161"/>
                <TextEquiv>
                    <Unicode>bozeria, y regozijo, y con muchos deuisas,</Unicode>
                </TextEquiv>
            </TextLine>
            <TextLine id="r1l36" custom="readingOrder {index:35;}">
                <Coords points="112,2317 299,2314 370,2270 421,2289 573,2245 952,2222 912,2179 833,2216 775,2173 728,2217 478,2216 368,2255 316,2233 107,2265"/>
                <Baseline points="116,2303 157,2297 199,2291 240,2285 282,2280 323,2275 365,2270 406,2266 448,2262 489,2258 531,2254 572,2251 614,2247 655,2244 697,2240 738,2237 780,2233 821,2230 863,2226 904,2223 946,2219"/>
                <TextEquiv>
                    <Unicode>de guerra: y dauan dones, alos solda</Unicode>
                </TextEquiv>
            </TextLine>
            <TextLine id="r1l37" custom="readingOrder {index:36;}">
                <Coords points="126,2377 243,2379 290,2347 469,2321 605,2336 660,2300 814,2313 878,2289 937,2314 968,2301 962,2241 644,2246 120,2327"/>
                <Baseline points="130,2369 171,2361 213,2354 254,2348 296,2342 337,2336 379,2330 420,2325 462,2320 503,2315 545,2311 586,2306 628,2302 669,2298 711,2294 752,2291 794,2287 835,2285 877,2281 918,2279 960,2276"/>
                <TextEquiv>
                    <Unicode>dos: que delante della peleauan, por ha</Unicode>
                </TextEquiv>
            </TextLine>
            <TextLine id="r1l38" custom="readingOrder {index:37;}">
                <Coords points="115,2451 180,2421 234,2439 445,2390 483,2412 623,2375 680,2388 723,2350 963,2332 960,2307 878,2289 812,2316 659,2301 601,2339 286,2350 238,2385 199,2368 110,2401"/>
                <Baseline points="118,2426 160,2420 202,2413 244,2407 286,2401 328,2395 370,2389 412,2383 454,2378 496,2373 538,2368 580,2363 622,2358 664,2354 706,2350 748,2347 790,2343 832,2341 874,2339 916,2337 958,2336"/>
                <TextEquiv>
                    <Unicode>zerla plazer, y regozijo. llegada la hora</Unicode>
                </TextEquiv>
            </TextLine>
            <TextLine id="r1l39" custom="readingOrder {index:38;}">
                <Coords points="120,2520 172,2483 671,2415 723,2436 780,2408 985,2414 980,2371 718,2368 311,2440 253,2421 114,2468"/>
                <Baseline points="122,2490 164,2483 207,2477 250,2469 293,2463 336,2456 378,2450 421,2444 464,2438 507,2433 550,2428 592,2424 635,2419 678,2415 721,2413 764,2409 806,2407 849,2404 892,2403 935,2402 978,2402"/>
                <TextEquiv>
                    <Unicode>quando auja de morir: despues de auer</Unicode>
                </TextEquiv>
            </TextLine>
            <TextLine id="r1l40" custom="readingOrder {index:39;}">
                <Coords points="127,2561 575,2493 689,2517 723,2485 966,2487 992,2480 988,2436 799,2420 698,2456 612,2430 575,2467 375,2498 333,2474 123,2522"/>
                <Baseline points="131,2550 173,2542 216,2535 259,2529 301,2523 344,2517 387,2511 429,2507 472,2502 515,2498 558,2494 600,2491 643,2487 686,2484 728,2481 771,2478 814,2476 856,2474 899,2472 942,2470 985,2468"/>
                <TextEquiv>
                    <Unicode>lo muerto, con otros dos, que lo acompa</Unicode>
                </TextEquiv>
            </TextLine>
            <TextLine id="r1l41" custom="readingOrder {index:40;}">
                <Coords points="129,2616 438,2575 602,2587 673,2551 910,2547 929,2518 880,2493 723,2496 691,2523 643,2503 611,2526 408,2542 368,2523 125,2564"/>
                <Baseline points="134,2603 173,2597 213,2592 252,2588 292,2583 331,2578 371,2574 410,2570 450,2566 489,2563 529,2560 568,2557 608,2553 647,2551 687,2548 726,2545 766,2543 805,2541 845,2539 884,2537 924,2535"/>
                <TextEquiv>
                    <Unicode>ñauan, enla muerte: la desollauan.</Unicode>
                </TextEquiv>
            </TextLine>
            <TextLine id="r1l42" custom="readingOrder {index:41;}">
                <Coords points="132,2667 789,2602 865,2625 956,2603 952,2551 807,2573 694,2554 603,2586 128,2622"/>
                <Baseline points="136,2656 176,2651 217,2646 258,2641 298,2637 339,2632 380,2629 420,2625 461,2622 502,2619 543,2616 583,2613 624,2610 665,2608 705,2606 746,2603 787,2601 827,2599 868,2597 909,2595 950,2593"/>
                <TextEquiv>
                    <Unicode>vn hombre, o satrapa, vestiase su pelle</Unicode>
                </TextEquiv>
            </TextLine>
            <TextLine id="r1l43" custom="readingOrder {index:42;}">
                <Coords points="120,2737 275,2732 357,2693 783,2699 959,2670 955,2608 371,2637 117,2685"/>
                <Baseline points="123,2708 164,2704 205,2700 247,2697 288,2694 330,2691 371,2688 413,2685 454,2683 496,2680 537,2678 578,2676 620,2674 661,2672 703,2670 744,2668 786,2666 827,2664 869,2662 910,2660 952,2658"/>
                <TextEquiv>
                    <Unicode>jo: y trayale vestido, por todo el pueblo:</Unicode>
                </TextEquiv>
            </TextLine>
            <TextEquiv>
                <Unicode>libro. 1.
nos, y los sāgradores. Y tambien las parte
ras, y las que dan yeruas, para abortar
Y tambien, los adiujnos: que dizen la
buenauentura, o mala, que han dete
ner, los niños: segun su nacimjento.
Adorauanla tambien, los que echan suer
tes, con granos de mahiz: y los que agu
rean, mirando el agua, en vna escudi
lla. Y los que echan suertes, con vnas
cordeçuelas, que atan, vnas con otras:
que llaman, mecatlapouhque. Y los q
sacan, gusanillos, de la boca, y de los
ojos: y pedreçuelas, de las otras partes
del cuerpo: que se llaman, tetlacujcuj
lique. Tambien, la adorauan, los
que tienen, ensus casas, baños, o te
mazcales: y todos ponjan, la ymagen
desta diosa, en los baños: y llamauā
la, Temazcalteci, que qujere dezir: la
abuela, de los baños. Todos los arriba
dichos, hazian cada año, vna fiesta, aes
ta diosa: enla qual, comprauan vna mu
ger: y la componjan, conlos ornamentos,
que eran desta diosa: como parecen, enla
pintura, que es de su ymagen. Y todos
los dias, de su fiesta: hazian conella, arey
to, y la regalauan mucho, y la halaga
uan: porque no se entristeciesse, por su
muerte, nj llorasse: y la dauan de comer
delicadamente, y combidauan conlo que
auja de comer: y la rogauan, que comj
esse, como agran señora. Y estas dias, ha
zian delante della, ardides de guerra, cō
bozeria, y regozijo, y con muchos deuisas,
de guerra: y dauan dones, alos solda
dos: que delante della peleauan, por ha
zerla plazer, y regozijo. llegada la hora
quando auja de morir: despues de auer
lo muerto, con otros dos, que lo acompa
ñauan, enla muerte: la desollauan.
vn hombre, o satrapa, vestiase su pelle
jo: y trayale vestido, por todo el pueblo:</Unicode>
            </TextEquiv>
        </TextRegion>
        <TextRegion orientation="0.0" id="r2" custom="readingOrder {index:1;}">
            <Coords points="961,21 961,2708 1886,2708 1886,21"/>
            <TextLine id="r2l1" custom="readingOrder {index:0;}">
                <Coords points="1024,94 1237,93 1316,77 1366,98 1451,88 1447,-6 1246,-1 1212,16 1151,-1 1067,19 1020,14"/>
                <Baseline points="1028,74 1054,76 1080,77 1106,77 1132,76 1158,75 1184,74 1210,72 1236,71 1262,68 1288,67 1314,65 1340,64 1366,64 1392,63 1418,64 1445,65"/>
                <TextEquiv>
                    <Unicode>de los dioses</Unicode>
                </TextEquiv>
            </TextLine>
            <TextLine id="r2l2" custom="readingOrder {index:1;}">
                <Coords points="957,251 1494,199 1660,229 1720,191 1781,196 1779,144 1663,126 1505,155 1460,125 1370,149 1281,126 953,156"/>
                <Baseline points="961,217 1001,215 1042,213 1083,210 1123,209 1164,207 1205,206 1245,204 1286,203 1327,201 1368,199 1408,198 1449,196 1490,195 1530,194 1571,193 1612,191 1652,190 1693,188 1734,187 1775,185"/>
                <TextEquiv>
                    <Unicode>tetzinanque, tetlanoqujlique,</Unicode>
                </TextEquiv>
            </TextLine>
            <TextLine id="r2l3" custom="readingOrder {index:2;}">
                <Coords points="964,321 1218,320 1303,285 1754,298 1769,226 1519,209 1486,231 1448,210 1402,249 1255,228 961,252"/>
                <Baseline points="969,306 1008,301 1048,298 1088,294 1128,291 1168,288 1207,286 1247,283 1287,282 1327,280 1367,279 1406,277 1446,276 1486,275 1526,274 1566,274 1605,273 1645,272 1685,272 1725,271 1765,270"/>
                <TextEquiv>
                    <Unicode>teixpatique. Auh yn cioa,</Unicode>
                </TextEquiv>
            </TextLine>
            <TextLine id="r2l4" custom="readingOrder {index:3;}">
                <Coords points="959,405 1295,383 1361,408 1422,386 1766,398 1786,394 1782,294 1280,292 1088,345 991,311 956,337"/>
                <Baseline points="964,392 1004,387 1045,383 1086,379 1127,376 1167,373 1208,371 1249,368 1290,367 1330,365 1371,363 1412,362 1453,361 1493,360 1534,359 1575,359 1616,358 1656,358 1697,357 1738,356 1779,356"/>
                <TextEquiv>
                    <Unicode>temjxiujtique, tepillalilique,</Unicode>
                </TextEquiv>
            </TextLine>
            <TextLine id="r2l5" custom="readingOrder {index:4;}">
                <Coords points="960,493 1179,474 1259,500 1328,455 1474,484 1541,454 1636,485 1683,453 1817,457 1816,411 1607,385 1495,409 957,404"/>
                <Baseline points="965,480 1007,475 1049,471 1091,467 1134,464 1176,461 1218,459 1261,456 1303,455 1345,453 1388,452 1430,451 1472,451 1514,450 1557,449 1599,449 1641,449 1684,449 1726,449 1768,448 1811,448"/>
                <TextEquiv>
                    <Unicode>tetlatlaxilique, tlapouhque, a</Unicode>
                </TextEquiv>
            </TextLine>
            <TextLine id="r2l6" custom="readingOrder {index:5;}">
                <Coords points="958,585 1296,551 1362,578 1566,552 1812,569 1808,463 1756,457 1604,500 1390,463 1342,509 1287,485 956,504"/>
                <Baseline points="963,569 1005,564 1047,560 1089,556 1131,553 1173,550 1215,547 1257,545 1299,544 1341,542 1384,541 1426,540 1468,539 1510,539 1552,538 1594,538 1636,538 1678,537 1720,537 1762,536 1805,535"/>
                <TextEquiv>
                    <Unicode>tlan teittanj, tlaolchaiauhque,</Unicode>
                </TextEquiv>
            </TextLine>
            <TextLine id="r2l7" custom="readingOrder {index:6;}">
                <Coords points="964,677 1423,668 1515,630 1785,655 1812,647 1810,578 1284,561 1230,600 1160,576 1105,608 962,617"/>
                <Baseline points="969,660 1010,656 1052,652 1094,648 1136,645 1178,642 1220,639 1261,638 1303,635 1345,634 1387,633 1429,631 1471,630 1513,630 1554,629 1596,629 1638,629 1680,629 1722,629 1764,629 1806,629"/>
                <TextEquiv>
                    <Unicode>mecatlapouhque, tetlacujcuj</Unicode>
                </TextEquiv>
            </TextLine>
            <TextLine id="r2l8" custom="readingOrder {index:7;}">
                <Coords points="976,779 1317,726 1797,747 1801,648 1713,694 1670,662 1573,675 1494,648 1451,674 1268,662 1173,694 972,695"/>
                <Baseline points="980,746 1023,744 1066,740 1109,738 1152,735 1195,732 1238,729 1281,726 1324,723 1367,721 1411,719 1454,716 1497,714 1540,713 1583,712 1626,712 1669,712 1712,713 1755,715 1799,717"/>
                <TextEquiv>
                    <Unicode>lique, tetlanocujlanque, te</Unicode>
                </TextEquiv>
            </TextLine>
            <TextLine id="r2l9" custom="readingOrder {index:8;}">
                <Coords points="984,864 1436,818 1812,839 1808,742 1693,732 1465,732 1428,756 1365,727 1238,733 1114,792 981,781"/>
                <Baseline points="989,848 1029,843 1070,837 1111,833 1152,829 1193,825 1233,822 1274,819 1315,817 1356,815 1397,814 1437,812 1478,811 1519,810 1560,810 1601,809 1641,809 1682,808 1723,808 1764,807 1805,807"/>
                <TextEquiv>
                    <Unicode>ixocujlanque. No iehoantin</Unicode>
                </TextEquiv>
            </TextLine>
            <TextLine id="r2l10" custom="readingOrder {index:9;}">
                <Coords points="979,985 1134,930 1800,914 1796,838 1068,863 975,912"/>
                <Baseline points="982,948 1022,941 1063,935 1103,929 1144,924 1185,919 1225,916 1266,912 1306,910 1347,908 1388,906 1428,905 1469,903 1509,903 1550,902 1591,902 1631,901 1672,901 1712,901 1753,902 1794,902"/>
                <TextEquiv>
                    <Unicode>qujtlatlauhtiaia, in temazca</Unicode>
                </TextEquiv>
            </TextLine>
            <TextLine id="r2l11" custom="readingOrder {index:10;}">
                <Coords points="985,1080 1108,1036 1231,1049 1290,1016 1500,1043 1592,1001 1827,1010 1823,940 1733,923 1489,964 1373,935 1281,969 1249,951 980,985"/>
                <Baseline points="988,1042 1029,1037 1071,1032 1112,1028 1154,1024 1196,1019 1237,1016 1279,1013 1321,1010 1362,1008 1404,1005 1446,1003 1487,1002 1529,1001 1571,999 1612,999 1654,998 1696,997 1737,997 1779,997 1821,997"/>
                <TextEquiv>
                    <Unicode>leque; ypampa y, qujtlaliliaia</Unicode>
                </TextEquiv>
            </TextLine>
            <TextLine id="r2l12" custom="readingOrder {index:11;}">
                <Coords points="982,1180 1134,1171 1175,1143 1233,1160 1275,1120 1365,1111 1479,1138 1551,1109 1638,1138 1713,1102 1801,1124 1796,1039 1677,1057 1286,1034 1132,1089 977,1081"/>
                <Baseline points="986,1136 1026,1135 1066,1133 1107,1131 1147,1128 1188,1125 1228,1123 1268,1120 1309,1117 1349,1114 1390,1111 1430,1108 1470,1106 1511,1104 1551,1102 1592,1101 1632,1100 1672,1100 1713,1100 1753,1101 1794,1104"/>
                <TextEquiv>
                    <Unicode>yn jxiptla, in temazcalixquac,</Unicode>
                </TextEquiv>
            </TextLine>
            <TextLine id="r2l13" custom="readingOrder {index:12;}">
                <Coords points="986,1278 1162,1227 1803,1216 1799,1123 1692,1127 1643,1161 1095,1162 982,1190"/>
                <Baseline points="989,1235 1029,1232 1069,1229 1110,1226 1150,1222 1191,1220 1231,1217 1271,1215 1312,1212 1352,1210 1393,1208 1433,1207 1473,1205 1514,1203 1554,1202 1595,1201 1635,1199 1675,1198 1716,1198 1756,1197 1797,1196"/>
                <TextEquiv>
                    <Unicode>qujtocaiotiaia, temazcalteci,</Unicode>
                </TextEquiv>
            </TextLine>
            <TextLine id="r2l14" custom="readingOrder {index:13;}">
                <Coords points="997,1348 1140,1359 1190,1320 1261,1338 1299,1306 1379,1318 1405,1296 1680,1321 1834,1295 1831,1237 1772,1247 1690,1214 1383,1249 1117,1240 994,1273"/>
                <Baseline points="1001,1323 1042,1319 1083,1315 1124,1312 1166,1308 1207,1306 1248,1303 1290,1301 1331,1299 1372,1297 1414,1295 1455,1293 1496,1292 1537,1291 1579,1289 1620,1288 1661,1287 1703,1285 1744,1284 1785,1283 1827,1282"/>
                <TextEquiv>
                    <Unicode>Auh yn jquac, in ie ilhujqujxti</Unicode>
                </TextEquiv>
            </TextLine>
            <TextLine id="r2l15" custom="readingOrder {index:14;}">
                <Coords points="994,1425 1304,1397 1369,1421 1498,1387 1537,1412 1572,1387 1620,1412 1699,1389 1812,1405 1828,1335 1495,1319 1375,1351 1199,1337 1147,1373 1092,1342 991,1354"/>
                <Baseline points="999,1411 1040,1407 1081,1404 1122,1401 1164,1398 1205,1395 1246,1392 1287,1390 1329,1388 1370,1386 1411,1384 1452,1383 1494,1382 1535,1380 1576,1379 1617,1378 1659,1377 1700,1376 1741,1375 1782,1373 1824,1372"/>
                <TextEquiv>
                    <Unicode>liloia, in ie imjquiztequjppa: in</Unicode>
                </TextEquiv>
            </TextLine>
            <TextLine id="r2l16" custom="readingOrder {index:15;}">
                <Coords points="989,1517 1234,1511 1326,1470 1416,1510 1478,1475 1542,1505 1617,1468 1839,1474 1837,1420 1755,1406 986,1425"/>
                <Baseline points="994,1497 1038,1491 1082,1486 1126,1482 1170,1479 1214,1475 1258,1473 1303,1471 1347,1470 1391,1468 1435,1467 1479,1467 1523,1466 1568,1466 1612,1465 1656,1465 1700,1464 1744,1463 1788,1463 1833,1461"/>
                <TextEquiv>
                    <Unicode>iehoantin titici, yn jxiptla catca</Unicode>
                </TextEquiv>
            </TextLine>
            <TextLine id="r2l17" custom="readingOrder {index:16;}">
                <Coords points="986,1582 1689,1580 1771,1541 1841,1551 1838,1475 1617,1468 1583,1503 1513,1508 1477,1480 1438,1509 1172,1507 984,1541"/>
                <Baseline points="991,1572 1033,1568 1075,1565 1117,1563 1159,1559 1202,1557 1244,1556 1286,1554 1328,1552 1370,1550 1413,1549 1455,1548 1497,1547 1539,1545 1581,1544 1624,1542 1666,1541 1708,1539 1750,1538 1792,1536 1835,1533"/>
                <TextEquiv>
                    <Unicode>teteu ynna, qujtlaoculpopoloa</Unicode>
                </TextEquiv>
            </TextLine>
            <TextLine id="r2l18" custom="readingOrder {index:17;}">
                <Coords points="995,1679 1219,1633 1280,1656 1530,1640 1571,1665 1706,1636 1790,1667 1892,1632 1889,1571 1787,1558 992,1607"/>
                <Baseline points="999,1657 1043,1654 1087,1652 1132,1649 1176,1647 1220,1644 1265,1642 1309,1639 1353,1637 1398,1635 1442,1633 1486,1631 1531,1629 1575,1628 1619,1626 1664,1625 1708,1624 1752,1623 1797,1623 1841,1622 1886,1622"/>
                <TextEquiv>
                    <Unicode>ia, amo vel chocaia, queelelqujx</Unicode>
                </TextEquiv>
            </TextLine>
            <TextLine id="r2l19" custom="readingOrder {index:18;}">
                <Coords points="991,1756 1185,1774 1533,1723 1680,1758 1766,1719 1858,1720 1855,1667 1816,1640 1788,1668 1736,1648 1636,1681 1527,1649 1424,1685 1331,1645 1271,1692 989,1701"/>
                <Baseline points="996,1743 1038,1741 1081,1738 1124,1736 1167,1734 1210,1731 1252,1729 1295,1726 1338,1725 1381,1722 1424,1720 1466,1718 1509,1716 1552,1714 1595,1713 1638,1712 1680,1711 1723,1710 1766,1709 1809,1709 1852,1710"/>
                <TextEquiv>
                    <Unicode>tiaia, qujtlanenectiaia, qujtla</Unicode>
                </TextEquiv>
            </TextLine>
            <TextLine id="r2l20" custom="readingOrder {index:19;}">
                <Coords points="992,1846 1846,1804 1844,1752 1795,1733 1758,1766 1622,1734 1559,1764 990,1782"/>
                <Baseline points="997,1834 1039,1831 1081,1828 1123,1824 1165,1821 1207,1819 1249,1816 1292,1813 1334,1810 1376,1808 1418,1806 1460,1804 1502,1802 1544,1801 1587,1799 1629,1798 1671,1798 1713,1798 1755,1798 1797,1798 1840,1799"/>
                <TextEquiv>
                    <Unicode>nenequjltiaia, qujceceltiaia, ha</Unicode>
                </TextEquiv>
            </TextLine>
            <TextLine id="r2l21" custom="readingOrder {index:20;}">
                <Coords points="1007,1950 1214,1913 1301,1932 1341,1911 1402,1941 1449,1908 1623,1884 1832,1900 1855,1894 1851,1827 1516,1824 1384,1888 1185,1836 1004,1896"/>
                <Baseline points="1011,1921 1052,1919 1094,1917 1136,1914 1178,1911 1220,1909 1262,1906 1303,1903 1345,1900 1387,1897 1429,1894 1471,1891 1513,1889 1555,1886 1596,1884 1638,1882 1680,1879 1722,1878 1764,1877 1806,1876 1848,1876"/>
                <TextEquiv>
                    <Unicode>qujchoctlanja, qujtlatlahtitiaia,</Unicode>
                </TextEquiv>
            </TextLine>
            <TextLine id="r2l22" custom="readingOrder {index:21;}">
                <Coords points="1007,2029 1107,2016 1179,2044 1554,1980 1719,2009 1832,1978 1829,1932 1598,1900 1429,1950 1257,1933 1005,1974"/>
                <Baseline points="1012,2006 1052,2005 1093,2004 1134,2002 1174,2000 1215,1998 1256,1995 1296,1992 1337,1990 1378,1986 1419,1984 1459,1981 1500,1979 1541,1976 1581,1974 1622,1972 1663,1971 1703,1970 1744,1970 1785,1970 1826,1970"/>
                <TextEquiv>
                    <Unicode>momjquizquequeloaia, qujne</Unicode>
                </TextEquiv>
            </TextLine>
            <TextLine id="r2l23" custom="readingOrder {index:22;}">
                <Coords points="1007,2132 1181,2096 1355,2123 1421,2080 1752,2096 1862,2071 1860,2000 1700,2039 1506,2001 1386,2013 1280,2068 1103,2025 1004,2061"/>
                <Baseline points="1011,2099 1053,2097 1095,2094 1138,2092 1180,2090 1222,2087 1265,2084 1307,2082 1349,2080 1392,2077 1434,2075 1476,2073 1519,2071 1561,2069 1603,2067 1646,2065 1688,2064 1730,2063 1773,2062 1815,2061 1858,2061"/>
                <TextEquiv>
                    <Unicode>çaliltiaia, qujiaochioaia, qujtla</Unicode>
                </TextEquiv>
            </TextLine>
            <TextLine id="r2l24" custom="readingOrder {index:23;}">
                <Coords points="997,2193 1817,2185 1813,2108 1714,2091 1665,2125 1534,2094 1350,2153 1224,2108 995,2147"/>
                <Baseline points="1002,2188 1042,2186 1082,2183 1123,2180 1163,2177 1204,2174 1244,2172 1284,2169 1325,2166 1365,2163 1406,2161 1446,2159 1486,2156 1527,2154 1567,2153 1608,2151 1648,2150 1688,2149 1729,2148 1769,2148 1810,2149"/>
                <TextEquiv>
                    <Unicode>caoachiliaia, coiuujaia, tlauiz</Unicode>
                </TextEquiv>
            </TextLine>
            <TextLine id="r2l25" custom="readingOrder {index:24;}">
                <Coords points="1009,2292 1515,2273 1580,2242 1651,2274 1770,2265 1852,2243 1848,2162 1768,2201 1414,2190 1291,2228 1181,2203 1006,2241"/>
                <Baseline points="1014,2278 1055,2274 1097,2271 1138,2268 1180,2265 1222,2261 1263,2258 1305,2255 1346,2252 1388,2250 1430,2247 1471,2244 1513,2242 1554,2241 1596,2238 1638,2237 1679,2236 1721,2235 1762,2234 1804,2234 1846,2234"/>
                <TextEquiv>
                    <Unicode>nextiloia, netlauizmacoia, netla</Unicode>
                </TextEquiv>
            </TextLine>
            <TextLine id="r2l26" custom="readingOrder {index:25;}">
                <Coords points="1014,2382 1196,2357 1288,2388 1487,2332 1818,2326 1832,2258 1720,2282 1582,2259 1465,2286 1167,2280 1010,2328"/>
                <Baseline points="1018,2362 1058,2358 1099,2354 1139,2350 1180,2347 1221,2344 1261,2341 1302,2338 1342,2335 1383,2333 1424,2330 1464,2328 1505,2325 1545,2323 1586,2321 1627,2319 1667,2316 1708,2314 1748,2312 1789,2309 1830,2306"/>
                <TextEquiv>
                    <Unicode>uhtiloia: in qujmjliuhca muchi</Unicode>
                </TextEquiv>
            </TextLine>
            <TextLine id="r2l27" custom="readingOrder {index:26;}">
                <Coords points="1016,2467 1365,2425 1405,2443 1449,2410 1521,2443 1555,2419 1749,2423 1831,2397 1804,2331 1679,2356 1536,2334 1448,2394 1403,2370 1012,2407"/>
                <Baseline points="1021,2446 1061,2442 1101,2438 1141,2434 1181,2430 1222,2427 1262,2424 1302,2421 1342,2418 1382,2415 1423,2413 1463,2410 1503,2408 1543,2405 1583,2403 1624,2401 1664,2399 1704,2397 1744,2394 1784,2393 1825,2390"/>
                <TextEquiv>
                    <Unicode>oaia in tiiacaoa, ic qujntiçauja</Unicode>
                </TextEquiv>
            </TextLine>
            <TextLine id="r2l28" custom="readingOrder {index:27;}">
                <Coords points="1016,2544 1117,2517 1201,2548 1486,2503 1672,2526 1712,2494 1869,2494 1866,2440 1692,2436 1613,2465 1418,2437 1238,2482 1158,2465 1013,2490"/>
                <Baseline points="1021,2531 1063,2526 1105,2522 1147,2518 1189,2514 1231,2511 1273,2508 1315,2506 1357,2503 1399,2502 1442,2499 1484,2497 1526,2495 1568,2493 1610,2492 1652,2489 1694,2488 1736,2486 1778,2483 1820,2480 1863,2477"/>
                <TextEquiv>
                    <Unicode>ia, ic qujnpotonjaia, qujmotza</Unicode>
                </TextEquiv>
            </TextLine>
            <TextLine id="r2l29" custom="readingOrder {index:28;}">
                <Coords points="1015,2628 1525,2610 1584,2577 1681,2594 1801,2570 1798,2529 1761,2520 1522,2537 1453,2518 1301,2543 1260,2574 1115,2543 1063,2576 1011,2571"/>
                <Baseline points="1019,2613 1057,2608 1096,2605 1135,2600 1174,2597 1212,2594 1251,2591 1290,2588 1329,2586 1367,2584 1406,2582 1445,2580 1484,2578 1522,2576 1561,2575 1600,2572 1639,2570 1677,2568 1716,2567 1755,2564 1794,2561"/>
                <TextEquiv>
                    <Unicode>cujlitiuja, ic panj moquetzaia.</Unicode>
                </TextEquiv>
            </TextLine>
            <TextLine id="r2l30" custom="readingOrder {index:29;}">
                <Coords points="1026,2701 1178,2727 1216,2697 1398,2704 1452,2679 1575,2718 1858,2682 1856,2610 1806,2590 1762,2630 1728,2610 1683,2634 1403,2611 1296,2640 1109,2609 1024,2649"/>
                <Baseline points="1031,2689 1072,2685 1113,2682 1154,2680 1195,2677 1236,2675 1277,2674 1318,2673 1359,2671 1400,2670 1441,2669 1482,2668 1523,2668 1564,2666 1605,2665 1646,2664 1687,2663 1728,2662 1769,2661 1810,2659 1852,2657"/>
                <TextEquiv>
                    <Unicode>Auh yn jquac onmjc, yn jxiptla:</Unicode>
                </TextEquiv>
            </TextLine>
            <TextEquiv>
                <Unicode>de los dioses
tetzinanque, tetlanoqujlique,
teixpatique. Auh yn cioa,
temjxiujtique, tepillalilique,
tetlatlaxilique, tlapouhque, a
tlan teittanj, tlaolchaiauhque,
mecatlapouhque, tetlacujcuj
lique, tetlanocujlanque, te
ixocujlanque. No iehoantin
qujtlatlauhtiaia, in temazca
leque; ypampa y, qujtlaliliaia
yn jxiptla, in temazcalixquac,
qujtocaiotiaia, temazcalteci,
Auh yn jquac, in ie ilhujqujxti
liloia, in ie imjquiztequjppa: in
iehoantin titici, yn jxiptla catca
teteu ynna, qujtlaoculpopoloa
ia, amo vel chocaia, queelelqujx
tiaia, qujtlanenectiaia, qujtla
nenequjltiaia, qujceceltiaia, ha
qujchoctlanja, qujtlatlahtitiaia,
momjquizquequeloaia, qujne
çaliltiaia, qujiaochioaia, qujtla
caoachiliaia, coiuujaia, tlauiz
nextiloia, netlauizmacoia, netla
uhtiloia: in qujmjliuhca muchi
oaia in tiiacaoa, ic qujntiçauja
ia, ic qujnpotonjaia, qujmotza
cujlitiuja, ic panj moquetzaia.
Auh yn jquac onmjc, yn jxiptla:</Unicode>
            </TextEquiv>
        </TextRegion>
        <TextRegion orientation="0.0" id="r3" custom="readingOrder {index:2;}">
            <Coords points="1850,1094 1850,1248 1876,1248 1876,1094"/>
            <TextLine id="r3l1" custom="readingOrder {index:0;}">
                <Coords points="1839,1228 1876,1229 1892,1131 1882,1128 1876,1132 1870,1130 1862,1134 1855,1133"/>
                <Baseline points="1850,1194 1876,1198"/>
                <TextEquiv>
                    <Unicode>t</Unicode>
                </TextEquiv>
            </TextLine>
            <TextEquiv>
                <Unicode>t</Unicode>
            </TextEquiv>
        </TextRegion>
    </Page>
</PcGts>
