1838 2544
49 27 1734 116 El qujncagessimo tercio edificio, se llamaua. Vitzilin quatec iteupan. idem.
42 86 1709 183 El qujncagessimo quarto edificio, se llamaua, Iopico calmecac. ibidem.
46 158 1774 246 El qujncagessimo qujnto edificio, se llamaua, Iopi tzompantli. ibidē.
51 229 1630 321 El qujncagessimo sexto edificio, se llamaua, tzompantli. ibidem.
47 290 1806 398 El qujncagessimo septimo edificio, se llamaua. Macujlmalinal iteupā. ibidē.
46 346 1567 453 El qujncagessimo octavo edificio, se llamaua. Aticpac. idem.
42 411 1656 549 El qujncagessimo nono edificio, se llamaua, Netlatiloian. ibidem.
35 475 1465 571 El sexagessimo edificio, se llamaua, Atlauhco. ibidem.
38 543 1759 677 El sexagessimo primo edificio, se llamaua, Tzummulco calmecac. idem.
42 606 1648 719 El sexagessimo segundo edificio, se llamaua. Temalacatl. fol. 117.
41 662 1781 794 El sexagessimo tercio edificio, se llamaua, Nappateuitli iteupan. ibidē.
32 711 1673 855 El sexagessimo quarto edificio, se llamaua, tzummulco. ibidem.
35 787 1553 920 El sexagessimo qujnto edificio, se llamaua, Coatlan. fol. 118.
37 861 1573 989 El sexagessimo sexto edificio, se llamaua, xuchicalco. ibidem.
37 931 1758 1077 El sexagessimo septimo edificio, se llamaua, Iopicalco: y tambien eoa
39 979 191 1059 calco.
223 980 463 1057 ibidem
42 1024 1428 1136 El sexagessimo octavo, edificio, se llamaua toxpalatl. ibidem.
40 1111 1784 1254 El sexagessimo nono edificio, se llamaua, tlacochcalco, quauhqujiaoac. ibidem.
41 1182 1434 1298 El septuagessimo edificio, se llamaua, Tulnaoac. ibidem.
42 1242 1488 1382 El septuagessimo primo edificio, se llamaua, Tilocan. ibidem.
37 1312 1574 1451 El septuagessimo segundo edificio, se llamaua, Itepeioc. ibidem.
38 1375 441 1480 El septuagessimo
446 1397 1733 1551 tertio edificio, se llamaua, Vitznaoac calpulli. ibidem.
47 1437 456 1544 El septuagessimo
465 1467 1621 1604 quarto edificio, se llamaua, Atempan. fol. 119.
37 1501 463 1607 El septuagessimo
461 1545 1800 1684 qujnto edificio, se llamaua, Tezcacoac tlacochcalco. ibidem.
36 1578 1850 1721 El septuagessimo sexto edificio, se llamaua, Acatl yiacapan, vei calpulli. ibidē.
35 1636 1575 1793 El septuagessimo septimo edificio, se llamaua, Techielli. ibidem.
32 1699 1596 1878 El septisgessimo octavo edificio, se llamaua, Calpulli. ibidem.
50 1764 246 1854 suc.
31 1849 1772 1987 Relacion de los mexicanos, de las cosas que se ofrecian, en el templo. fol. 120.
35 1920 1766 2043 Relacion de la sangre, que se derramaua, a honrra del demonjo, enel
39 1973 679 2069 templo, y fuera. fol. 121.
29 2035 1782 2185 Relacion, de otros serujcios, que se hazia a los demonjos, en el templo, y fuera
35 2103 253 2181 fol. 123.
29 2151 1799 2272 Relacion, de ciertas cerimonjas que se hazia, a honrra del demonjo. fol. 124.
38 2229 1743 2296 Relacion, de otras cerimonjas, que tambien se hazian a honrra del de
36 2275 411 2351 monjo. fol. 125.
29 2311 1670 2429 Relacion, de las diferencias de mjnjstros, que serujan a los dioses. fol. 127.
