2714 4386
575 83 1060 266 libro. 2.
130 270 1313 434 Y luego venja vn sacerdote, con vna.
145 409 1327 526 codorniz, y cortaua la cabeça, arra
145 495 1325 644 cando sela, delante del captiuo, que
138 584 1313 717 auja de morir: y luego el mesmo
138 671 1312 799 sacerdote, tomaua: la rodela el cap
140 785 1330 871 tiuo, y leuantauala hazia arriba:
132 868 1319 997 y luego la codorniz, que auja cor
135 946 1328 1067 taco la cabeça, echauala atras de
138 1046 1304 1192 si. hecho esto, luego hazian su
138 1160 1315 1277 bir, al captiuo, sobre la piedrare
141 1250 1291 1378 donda, amanera de muela: y es
129 1346 1287 1486 tando sobre la piedra al captiuo,
129 1450 1292 1600 venja vno de los sacerdotes, o mj
134 1532 1313 1701 nistros del templo, vestido con vn
117 1630 1328 1789 cuero de osso: el qual era como pa
109 1756 1307 1890 drino, de los que alli morian, y to
107 1854 1255 1968 maua, vna sooa: la qual salia
102 1951 1323 2100 por el ojo, de la muela, y ataua
86 2050 1319 2169 le por la cintura conella: luego le
101 2146 1294 2290 daua, su espada de palo: la qual
109 2246 1261 2396 en lugar de nauajas, tenja plu
105 2330 1298 2490 mas de aues, pegadas por el corte,
89 2436 1307 2579 ydauale quatro garrotes de pino,
90 2543 1285 2673 con que se defendiese, y conque ti
100 2638 1289 2786 rasse, asus contrarios. El dueno del
105 2737 1286 2883 captiuo, dexandole desta mane,
92 2842 1310 2991 ra ya dicha, sobre la piedra: y yuā
84 2951 1315 3088 se en su lugar, y desde alli mjraua,
71 3075 1255 3202 lo que passaua, con su captiuo, es
84 3140 1255 3303 tando baylando. Luego los que
77 3271 1309 3423 estauan aparejados, para la pelea,
83 3369 1313 3508 comencauan apelear, con el captiuo,
68 3472 1286 3588 de vno en vno. Algunos captiuos,
69 3559 1294 3721 que eran valientes, cansauan alos
65 3672 1234 3823 quatro, peleando, ynole podian
68 3785 1286 3918 rendir: luego venja otro qujnto, que
63 3885 1274 4023 era izqujerdo: el qual vsaua dela
64 3974 1293 4125 mano izqujerda, por derecha: este
1659 104 2456 274 de las cerimonjas
1430 322 2689 472 coton colin, conjaujlia yn ichimalma
1432 433 2659 562 lli: Auh in çolli, icampa conmaiauj.
1420 515 2616 650 In ieiuhquj, niman contlecauja
1423 618 2624 731 in temalacaticpac: auh yno con
1413 729 2627 863 quetzque temalacac, ce tlacatl cuj
1432 823 2652 967 tlachtli ipanqujca, ipan mixe
1411 961 2660 1062 oa, itoca cuitlachueue, iuhqujn
1412 1062 2636 1171 intla catca inoaoanti: njman co
1409 1172 2621 1309 nana, in tonacamecatl, yn iiol
1392 1291 2620 1392 loco antica, yn iiolloco ilpitica, nj
1417 1393 2612 1522 man ic concujtlalpia in malli,
1420 1494 2639 1649 yoan conmaca, maquaujtl, tla
1402 1628 2633 1778 potonilli, amo itztzo. Yoan ixpan
1412 1749 2651 1903 contema nauhtetl ocotzontetl itla
1406 1856 2608 2005 motlaia, ic temotlaz, ic momapa
1398 1971 2614 2119 tlaz. Auh intlamanj, yn oconcā
1395 2082 2620 2220 oato ymal temalacac: njman ie
1380 2209 2577 2342 ic vitz, vncan oalmoquetza yni
1390 2325 2597 2479 caia, mihtotiticac, ixqujchcapa
1388 2458 2576 2616 ontlachixticac, yn jmal conitzti
1390 2579 2594 2729 cac: njman ic mopeoaltia, mo
1372 2701 2577 2856 tlatlaiehecalhuja, motlaehecat
1369 2794 2597 2954 huja, vel qujnmottilia incanjn
1379 2945 2598 3073 ymoujcan moujtequizque, quj
1377 3051 2598 3196 motequjlizque: yn aço incotzco,
1374 3164 2545 3298 anoço in metzpan, anoço in
1385 3300 2516 3440 quappa, anoço intlacotiian.
1385 3399 2575 3541 Auh yn aca malli, iolchicaoac,
1378 3523 2584 3687 iollotlapaliuj, vel yujujh in quj
1358 3661 2606 3800 caoa: in naujxtin qujnnamjquj,
1352 3756 2654 3912 qujnmaiztlacoa, yn oocelo, inqui
1366 3868 2589 4031 quauhti. Auh in tlacauel qujhi
1360 3984 2592 4133 iocaoaltia, njman oiauh, opuch.
