2612 4000
880 10 1747 213 Del primero libro
1356 187 2502 333 hoatl in lucifer, yn vei diablo, in vm
50 244 1247 380 reuerenciavan, y ofrecian, como
1364 304 2484 439 pa ilhujcatl itic, vel iancujcan oquj
48 321 1290 510 a hazedor, y dador de todas las cosas
1355 370 2528 519 peoalti, in iaujutl in tecuculiliztli, in
1355 468 2514 579 teuhtli, in tlaçolli: vmpa oaltotococ,
47 430 1289 597 y de todos los bienes: y le rogauan
1379 539 2512 691 vmpa oalvetz. Auh in nican tlaltic
50 547 1265 711 por todas sus necessidades: aeste
1368 616 2504 783 pac teiztlacaujtinemj, teca moca
44 643 1250 825 hazian fiestas cada año, y mata
1359 704 2520 853 caiauhtinemj: ca iuhca in teutlato
59 744 1238 912 uan a su honrra vn mancēbo
1361 800 2527 936 lli. Factum est prelium magnā
62 848 1227 1018 cada año en su fiesta, es cogido
1370 865 2522 1050 in celo, apoc. 12. quetoznequj, vei
1373 975 2548 1115 iaoiutl, omuchiuh yn ilhujcatl ytic:
63 1012 1252 1123 entre muchos, que njnguna ta
1378 1063 2503 1274 oqujpeoalti in lucifer: in iehoatl
62 1084 1266 1229 cha, tuujesse en su cuerpo, sabio
1384 1176 2539 1346 tezcatlipuca, titlacaoa, vei diablo:
62 1192 1283 1359 en hablar, encantar y tañer: cri
1374 1295 2493 1457 iehoatl qujmoteutitiaque, in ve
66 1279 1273 1458 ado por espacio de vn año ento
1384 1400 2543 1560 uetque: yoan qujlhujqujxtiliaia,
72 1390 1271 1548 das maneras de deleytes: mata
76 1518 1297 1649 vanle en el mes llamado toxcatl,
1379 1527 2510 1706 yn iquac toxcatl: yoan qujmjcti
81 1609 1273 1766 que caya a. 23. dias de Abril. E
1382 1597 2534 1796 aia yn jxiptla, yn qujtocaiotiaia
64 1718 1271 1882 nesta fiesta, se hazia, gran solenj
1370 1732 2514 1905 titlacahoan, ic cenca omotlapo
81 1822 1269 1978 dad, a honrra deste dios: este di
1372 1842 2143 2013 loltique in veuetque.
79 1919 1241 2087 os dezian que perturbaua toda
83 2030 1274 2214 paz y amistad: y sembraua ene
83 2131 1262 2328 mistades. yo dios entre los pueblos
64 2247 1269 2447 y reyes: y no es maraujlla que ha
71 2361 1283 2583 ga esto en la tierra, pues tambi
84 2463 1241 2637 en lo hizo enel cielo, como esta es
92 2594 1259 2754 crito, en la sagrada escriptura:
75 2680 1285 2872 factum est prelium maonum in
97 2787 1286 2956 celo. et . apoca. 12. Este es el mal
74 2895 1263 3090 vado, de lucifer: padre de toda
91 3027 1277 3206 maldad y mentira, ambiciosissi
1431 3103 1514 3206 l
95 3138 1257 3307 mo, y superbissimo, que engaño
1389 3250 2550 3379 G. Jzcatquj ynoc noce diablo, qujmo
85 3238 1261 3420 a vrōs antepasados. G. Tambie
1385 3342 2530 3452 teutitiaque in ueuetque, yn jtoca
82 3375 1313 3569 nos consta por vrā propia relatiō,
1376 3405 2531 3563 tlaloc, anoço tlaloque: itech tlamj
1377 3496 2560 3660 loia in qujiaujtl: qujtoque. Ca iehoā
85 3492 1288 3684 que vrōs antepassados adoraron
1380 3593 2541 3732 tin, qujxoaltiaia, qujcueyonaltia
75 3609 1247 3775 y tuujeron por dios, a vn diablo,
1379 3692 2496 3837 quizcaltiaia in quaujtl, in cacatl:
91 3712 1283 3882 que ellos llamaron, tlaloc, o tlalo
1390 3790 2549 3925 auh in ie muchi tonacaiutl. No yoan
82 3831 1258 3980 que, tlamacazquj: aeste diablo,
