2502 4000
263 0 817 186 de la fiesta:
73 215 1100 336 uan entierra el arbol, y dauan
67 310 1094 450 gran golpe enel suelo, y hazi
75 389 1077 519 ase pedaços. hecho esto, todos
66 484 1095 594 se yuan, asus casas, nadieque
77 574 1099 710 daua alli. Y luego lleuauan,a
63 643 1097 786 su casa, aquel que auja gana
65 729 1101 881 do en subir primero, al arbol,
56 817 1112 951 ponjanle vna manta leonada
60 881 1110 1033 atada al hombro, y por de ba
48 1005 1097 1109 xo del braço contrario, comose
62 1080 1079 1212 pone, la estola al diacono: lle
64 1172 1125 1295 uaua esta manta, vna franja
62 1258 1090 1372 en la orilla de tochomjtl, y plu
63 1343 1098 1470 ma: esta manera de manta
62 1434 1091 1556 era licito traer alos que se ha
56 1520 1106 1648 zian esta valentia: alos otros
47 1608 1087 1757 no les era licito traer esta ma
65 1692 1069 1850 ta, podian las tener en su
69 1785 1093 1942 casa, y vender todos los que
69 1866 1107 2025 querian, pero no traerlas a
65 1955 1106 2124 quel que auja lleuado la vie
78 2057 1121 2172 toria: lleuauanle trauado por
74 2135 1085 2271 los braços, dos satrapas viejos,
62 2211 1121 2344 que llamauan quaquacujltin
63 2291 1101 2444 y muchos de los mjnistros, de los
61 2382 1088 2525 ydolos, yuan tras ellos, tocan
78 2467 1116 2574 do cornetas, y caracoles: lleua
75 2557 1128 2692 ua acuestas la rodela, que auj
66 2620 1145 2736 a tomado enel arbol, dexando
47 2728 1124 2854 le en su casa: bolujanse al cu,
52 2793 1115 2931 donde aujan saudo. Esta es
48 2869 1109 3018 la relacion, de la fiesta llama
52 2979 572 3078 da xocotl vetzi.
681 3029 741 3094 so
56 3034 1107 3217 Capitulo dezo, de la fi
63 3173 1126 3336 esta, y cerimonjas, que
38 3264 1145 3410 se hazian en las tealendas
46 3382 1141 3523 del onzeno mes: que se lla
45 3495 804 3642 maua Ochpaniztli.
1429 5 2007 163 xocotlvetzi.
2218 47 2467 188 fā 6ō
1152 189 2365 375 can qujztivetzi. Jn ie iuhquj, nj
1145 354 2318 483 ma ieic viviloa, cactivetzi, cac
1148 483 2314 614 timomana: acihçatepā con
1149 603 2319 733 caoa mjchan in xocomanj, ic
1171 689 2331 884 ca apana camopalli mtil ma
1163 805 2349 997 tli, tenjvrvavanquj. Auh in
1167 964 2326 1104 tlatlamanj, vel qujmoquen
1174 1087 2374 1233 tiz, vel qujmolpilitinemjz, acac
1162 1185 2322 1362 icquj tlatzoviliz: acch in tlaça
1174 1340 2323 1491 mo tla manj, çan qujmotlati
1173 1443 2329 1593 liz, çan apiel iez: auh anoço
1182 1575 2328 1743 qujmonamaqujliz, in jquac
1181 1681 2346 1847 iemotolinja, mjcocoian. Auh
1170 1798 2295 1967 mje cōcaoa ichan; ca antivi,
1176 1902 2357 2091 qujtzzitzitzqujtivi yiacolpā, i
1190 2013 2340 2202 qua quacujlti: vmentin, icā
1189 2151 2386 2294 pa mantivi tlamacazque, quj
1191 2264 2312 2416 tlapichilitivi: iehoael intec
1194 2381 2343 2525 ciztli qujpichilitivi: yoa quj
1188 2492 2320 2654 mamatiuh: mjchimal. tusr
1194 2621 2324 2784 mo cocaoato, mec oalmocue
1200 2719 2338 2893 pa: ic vel oncan ontzonqujca
1190 2866 1833 3035 ōtlamj mjlhujel:
1452 2971 1881 3085 cempo alli on
1211 3026 2362 3187 EI njepna tlactli omumeca
1224 3166 2363 3328 pitulo: vnca moteneoa mil:
1219 3274 2386 3440 hustl, yoa in tlamaviztililiz
1203 3390 2350 3548 tli; in muchioaia mjpā ic
1200 3503 2320 3650 cemjlhujtl, ic matlactetl
1210 3601 2361 3743 oce metztli; m mjtoaia, in
1203 3723 2363 3887 moteneoaca: ochpanjztli.
