2566 4146
435 80 966 280 del libro:
19 302 1111 462 zan de su deuocion, las puntas
19 424 1120 561 de maguey: y los que querian
20 491 1136 650 hazer gran penjteneia, llegauā
19 584 1139 731 hazia los montes, y sierras y
20 680 1140 847 rios: y los grandezillos llegauā
22 791 1163 935 hasta media legua, y en llegan
33 885 1139 1040 do al lugar determjnado, lue
29 983 1204 1146 B ponja las puntas de maguey,
24 1092 1157 1263 metiendolas, en vna pelota he
42 1203 1115 1346 cha de heno: y ansi se boluja
57 1290 1132 1455 aoa vno asolas tañendo el ca
43 1398 1147 1559 racol. La sexta, era que los mj
43 1523 1122 1675 nistros de los ydolos, no dormj
51 1632 1148 1775 an dos juntos, cubiertos con v
37 1730 1128 1862 na manta: sino dormjan ca
57 1809 1137 1990 da vno apartado del otro. La
67 1933 1135 2099 septima, era que la comjda,
66 2045 1139 2189 aue comjan, hazian y gujsa
79 2106 1146 2268 uan en la casa de calmecac:
69 2193 1164 2378 Porque tenjan renta de cōmu
71 2319 1185 2506 idad, que gastauan para la
72 2441 1169 2615 mjda. Y si trayan a algunos:
71 2550 1171 2727 omjda de sus casas, todos la co
63 2645 1119 2806 mjan. La et era que cada
65 2764 1186 2916 media, noehe, todos se leuan
69 2857 1147 3043 tauan ahazer oracion, y quj
72 2987 1206 3133 en no se leuantaua, y desperta
67 3060 1190 3253 ua, castigauanle, pun candole
71 3188 1169 3365 las orejas, y el pecho, y mus
73 3263 1196 3463 los, y piernas, metiendole las
75 3395 1172 3579 puntas de maguey, por todo
83 3505 1192 3686 sue cuerpo, en presencia deto,
83 3605 1234 3777 dos los mjnistros, de los ydolos:
80 3703 1226 3855 porque se escarmentasen. Lag.
94 3815 1206 3989 Tue ninguno era soberbio, nj ha
2168 67 2413 196 fi. 28
1437 43 1600 199 ga
1200 218 2316 445 petlauhtiuh, in cenca velmo
1198 358 2344 539 tlamaoaltia aco ome leguas
1213 476 2350 640 in ovih movitztlalia, açoqua
1221 606 2307 764 uhtla, aço ixtlaoacan, aço
1219 729 2332 864 atlan yn teiecatoton, in anoco
1222 863 2341 1025 aqujnquinequi, aco media
1230 979 2343 1132 yeoua, iniauh in onmovitz
1220 1100 2356 1292 tlalia, itecciz ietiuh, tlapito
1217 1237 2369 1418 tiuh, incanj yn evitztlaliaia, y
1224 1371 2385 1530 noacito vmpa oallapitztiuh.
1256 1502 2423 1712 Jnjc h, ynjc cochiatlamacaz
1232 1675 2396 1846 qua, aiac vmetemj, ca nmu
1230 1801 2397 1945 chintin, in ixcavitoque, aiac
1248 1918 2381 2085 monepan tlaquentia. Jnjcz.
1259 2046 2383 2201 canmocen chioaia, in tlaqua
1258 2189 2370 2375 lli, in quiquaia, ca oncatca
1247 2317 2435 2472 in jnneuhia, in quiquaia: auh
1241 2453 2406 2610 in tlahaca conmacaia icali
1247 2571 2376 2758 tlaqual amoyioca conqua:
1325 2693 2381 2901 njc E. in iooalnepantla
1265 2811 2425 3049 in iquac mjtoa iooalli xellivi
1277 2944 2434 3127 muchitlacatl meoaia tlatla
1267 3066 2453 3254 tlauhtiaia, yn aqujntlacoch
1284 3199 2464 3393 caoa, yn amohica njmanica
1290 3333 2454 3512 necentialilo, qujcocoia yna
1291 3469 2424 3640 casititech, yielpan, ymetz
1289 3613 2440 3784 pati, itlamtzoo val ixa ma
1307 3731 2464 3920 viztli vatzi. Jnjc q. çanjmā
