2560 4042
280 33 844 214 de la fiesta.
76 233 1097 356 vna parte, y de otra, ala diosa, y
73 329 1084 455 asu hijo: yuan cantando los sa
66 409 1082 559 trapas, que se llamauan qua
71 499 1086 631 quacujiti, yuan cantando, y ri
64 581 1102 715 giendo el canto de las mugeres,
66 683 1106 807 y tañendo teponaztli, de vna lē
66 748 1086 908 gua, que tiene abaxo vn teco
81 842 1092 991 matl. Negando al lugar donde
83 937 1076 1049 espectauan las cabeças, enel
80 1029 1100 1173 cu de su hijo cinteutl, estaua
79 1127 1115 1274 alli vn atabal, y aquel quelle
68 1214 1100 1364 uaua el pellejo vestido, y era
76 1324 1106 1471 y magen de la diosa toci, ponj
84 1437 1122 1554 a vn pie sobre el atabal, como
78 1512 1100 1644 cozeandole. Estauan alli espe
87 1601 1083 1749 rando, alhijo desta diosa cin
84 1695 1083 1844 teutl, que era vn mancebo,
92 1791 1120 1928 rezio, y fuerte, muchos solda
99 1887 1128 2026 dos viejos, y tomauanle en me
105 1977 1144 2122 dio, y yuan todos corriendo, por
102 2068 1118 2211 que aujan de lleuar, el pelle
102 2157 1146 2306 jo del muslo, de la que murio
107 2258 1130 2393 Cel qual aquel que llamauan
113 2318 1133 2474 suhijo, trayan metido en la
125 2401 1127 2554 cabeça, y sobre la cara, como
120 2506 1126 2654 caratulad aun cerro que se lla
103 2610 1133 2754 maua popotl temj, que exa
97 2705 1148 2855 la raya, de sus enemigos: yuā
94 2804 1127 2944 en compañja destos, muchos sol
97 2907 1147 3055 dados, y hombres de guerra, cō
93 2981 1137 3158 gran priesa, corriendo, llegan
114 3083 1131 3234 do al lugar, donde auja de de
100 3178 1152 3336 xar, el pellejo, que se llama
123 3286 1160 3425 ua mexaiacatl. Muchas ve
94 3393 1141 3535 zes acontecia, que salian sus
108 3467 1141 3629 enemjgos, contra ellos, y alli
108 3571 1147 3684 pedleauan, los vnos con los, o
108 3675 1150 3794 tros, y se matauan: el pellejo,
105 3741 1150 3880 ponjanlo colgado, en vna garita
1443 47 2043 220 ochpaniztli
2278 55 2536 206 fo. A0.
1185 217 2336 362 cauhque, in memecamaxtli,
1203 343 2307 503 yoan in cujtlatezcauh, imj
1174 448 2386 580 ichcasuchiuh, mamaiacaque
1171 579 2342 756 tzallo. Auh in titici, oan in
1191 692 2363 855 tenexnamacaque, necoc ono
1189 822 2351 1003 tivi, cujcativi; qujncujcatla
1199 941 2404 1109 xilitivi in quaquacujlti, quj
1194 1065 2348 1220 tzotzontivi in teponaztontli,
1206 1193 2374 1327 itechtlaçalolli, atecontontli:
1200 1326 2392 1493 ie mjcmoteneoa, tecomapiloa
1203 1419 2453 1601 Jno acito tzompan titlan: njmā
1191 1570 2425 1700 ic conjeça mj veveuh: auh inte
1213 1702 2421 1849 qujoaque, ie qujchixtoque, yn
1205 1817 2351 1960 can oneoa, mj mexxaiac mje
1210 1901 2423 2086 qujcaoazque iauc: vncā oneoa
1217 2020 2397 2162 cololhujtivi in tlacaoan, inchi
1212 2166 2395 2326 caoaque, in tlacçanj: cencamo
1211 2253 2391 2411 tlaloa. Auh moacto, i vmpa
1225 2371 2393 2560 con tlalianj iiaupan, in vm
1218 2520 2374 2672 pa tepeticpac: macaztlan i
1220 2646 2438 2794 iztac tepatl: itocaiocan, popotl
1205 2753 2437 2907 tomj: cavian in contlalia, qujn
1213 2884 2384 3053 oaltoca; anoce qujntoca, ne
1212 3003 2334 3116 coc mjcoa. Atuh mocō clalito
1234 3113 2397 3262 quauh ticpac, mjmexxaiac:
1236 3210 2424 3383 mec viloatz, mec novi inteia
1236 3343 2393 3502 uoan. Auh mieuehquj, in
1248 3445 2381 3622 iehoatl toci; mo cocaoato, i
1242 3587 2429 3725 çoneuh: njman ie ic iauh mj
1251 3704 2403 3863 chan, i vmpa atempā, nj
