2616 4112
233 64 852 254 de la fiesta,
28 241 1036 399 de los ydolos, de mandauan,
42 362 1073 519 alos dueños, de la casa, aquel
46 477 1075 625 instrumento para texer, que
34 589 1100 744 llaman tzotzopaztli, ymetian
36 684 1076 847 sele por los pechos, alas yma
37 796 1094 946 gines delos montes, como ma
51 900 1052 1060 tandoles, y cortauanle el
45 1008 1043 1165 cuello, y sacauanle el cora
60 1155 1056 1314 con: y luego le dauan al
54 1275 1033 1440 dueno de la casa, puesto
57 1426 1105 1575 en vna xicara uerde, aujen
51 1532 1055 1715 do ya muerto, como esta
63 1665 1090 1831 dicho. Todas aquellas yma
59 1810 1097 1964 gnes, o estatuas, qujtaua
66 1921 1087 2091 los los papeles, conque esta
89 2040 1105 2189 dan adereçadas, y todo jū
74 2152 1112 2338 los quemauan onel patio
64 2256 1109 2452 de la casa: y conellos, quema
67 2381 1105 2554 uan tambien los xicatillos de
79 2513 1103 2684 la comjda, y todos los petates
76 2626 1114 2787 de juncias verdes, con que es
98 2779 1097 2925 uan adorñadas, aquellas
101 2887 1133 3099 magines: y todas las alhajas
74 3026 1128 3194 en que aujan puesto, comjda
63 3161 1105 3320 dbeujda, a las ymagines, o
74 3282 1109 3423 estatuas: todo lo lleuaua a
72 3354 1106 3567 los oratorios, que llaman,
75 3553 1130 3714 diauhcalco, que estauan edi
75 3635 1119 3814 dicados, a la orilla del agua.
76 3755 1158 3965 Recho esto, luego se juntauan
1464 63 2023 221 Atemuztli.
2253 79 2526 242 fo. 92.
1123 240 2378 391 oalqujxtilia mjcujtlaxcol, mj
1136 367 2371 525 uh quj mecatl, vn çan conteca
1147 470 2354 619 i aioctli, iuh ceioal in qujn
1150 575 2365 781 cuj catia, qujn toçavia, yoan
1159 714 2352 897 qujn tlapictilia, qujnvilaca
1151 812 2343 999 vitzalhuja. Aun in tlapitzaia
1155 971 2397 1115 amo iehoan in tequjppaneque
1151 1110 2367 1248 çan telpopochtin, cenca no ma
1170 1202 2372 1375 vizmachoia, tlamacoia, tlaiti
1147 1307 2384 1479 loia. Auh in ie iuhquj mo tlat
1163 1441 2408 1602 vic, mec conjtlanj in tzotzopaz
1161 1543 2424 1734 tli, njmā ieic qujmonaqujlia
1168 1659 2435 1850 i iollopan. Auh moçonaqujli,
1175 1809 2426 1977 njmā ic qujoalque cti collalia
1186 1906 2467 2086 itzoalli, mec conanjlia mjiol
1177 2039 2437 2208 lo muchioa, quj oalmaca inte
1184 2148 2442 2343 piqujnj, xoxovic xicalco, in quj
1171 2269 2450 2450 oalla lilia: auh i ixiuhquj, mo
1188 2376 2480 2587 qujmo mjctique tzoalti: njma
1181 2529 2447 2698 ie ic qujn cenqujxtia, qujtecpi
1192 2653 2471 2806 choa, mjxqujch imamatlatquj
1188 2766 2420 2907 topictoton, itoalnepantla in
1208 2888 2404 3019 tlatla, in contlatia, in cō tle
1200 3019 2477 3124 çavia, yoan in in cacaxxototon,
1203 3114 2408 3276 in quauh caxtotonti, muchi
1190 3236 2473 3395 cenclatla. Auh mjxqujct cnca
1196 3357 2461 3526 pilpetlatl mjpan ono ca, ajpan
1203 3497 2435 3647 oztopilquavitl, yoan mjxquj
1214 3621 2398 3761 ch in tlaquaia in caxtotonti
1223 3722 2416 3882 yoan, i chalchiuh tecomatl
2438 3978 2499 4049 ili
