2486 4070
505 23 1036 209 Libro. E
103 220 1276 394 caña, ponjan la rodela, de aquer
85 358 1287 464 muerto, arrimada con vna sa
100 453 1279 586 eta: tambien atauan ala caña
100 555 1240 694 ala manta, y el mastle, enla
81 658 1267 761 vandera señalauan, con hilo co
87 741 1262 885 lorado, vn aspa de ambas par
83 842 1286 968 tes: y tambien labrauan el pa
104 941 1271 1083 pel largo, con hilo colorado, y blā
100 1020 1277 1176 co torcido, desde arriba, hasta a
98 1119 1292 1305 baxo: y del hilo blanco, coloauan
98 1234 1245 1400 el paxarito, que se llaman vi
108 1331 1232 1501 tzitzilin, muerto: hazian tam
101 1445 1241 1594 bien vnos manogitos, de plu
109 1559 1278 1698 mas blancas, del aue que llama
120 1661 1248 1803 aztatl, atadas de dos endos: y
116 1774 1280 1921 todos los hilos se juntauan, y los
128 1880 1268 2029 atauan ala caña, estauan afo
104 1976 1254 2129 rrados los tilos, con pluma bla
99 2069 1297 2234 cade gallina, pegado con resina:
95 2200 1251 2330 Todo esto lo lleuauan, aquemar
117 2280 1268 2434 a vn pilon de piedra, que se lla
122 2363 1261 2518 maua quauhxicalco. Al sexto
121 2484 1287 2612 dia, llamauan cacapan qujxoa
88 2577 1281 2721 y llamauanle desta manera, por
109 2669 1247 2841 quā, enel patio del cu, del dios,
100 2767 1245 2935 que llaman mjxcoatl, tendian
117 2844 1236 3024 mucho heno, que lo trayan de
96 2934 1238 3127 las montañas: y sobre el heno,
118 3059 1240 3200 se sentauan las mugeres anci
108 3144 1254 3318 anas, que serujan enel çu: que
104 3247 1279 3395 se llamauan cioatlamacazque,
112 3373 1237 3518 delante dellas, tendian, vn pe
119 3458 1219 3639 tate, luego venjan todas las
122 3564 1251 3750 mugeres: que tenjan hijos o hi
129 3667 1258 3825 ias, y trayan los consigo: estas,
117 3769 1260 3906 trajan cada cinco tamales dul
1482 -2 2352 227 delas cerimonjas:
1342 214 2386 365 no vn ean: vn ean contleca
1340 349 2386 507 via: aul i ontlatlac mjte
1346 480 2403 615 çollo, yoan mexo, vncā con
1329 574 2420 703 toca. Auh moiaomjcque i
1334 701 2387 854 mmecapan, yvan intlaço
1336 800 2414 970 pan, yoan inchimal, yoā i
1338 924 2392 1063 tilma, yoan mmaxtli, ooa
1338 995 2408 1171 quauhtitech in quj tlalia
1340 1138 2420 1305 ia, qujlpiaia; itelhpilcati
1332 1260 2417 1438 uh chichilicpatl, potonquj
1337 1388 2431 1539 ic tlamalintli, yiacacpilca
1336 1519 2411 1643 tiuh vitzitzilin, yoā cētzon
1335 1627 2396 1763 aztatl, mjec in mecatl, quj
1342 1734 2408 1895 potonjaua hivitica, yiacac
1331 1835 2408 1996 pilcatiuh aztatl, vmpa con
1344 1957 2429 2120 caoa in quauhxicalco, vmpa
1342 2089 2420 2245 tlaclaia. Auh ijcchiquacos:
1335 2190 2422 2360 tlamantli: mo teneoa, cacapā
1354 2348 2389 2449 qujxoa: auh mjcmoteneoa
1354 2425 2425 2571 Cacapan qujxoa, motzetzelza
1351 2542 2411 2701 cacatl: iehoatl mocoçacatl, o
1342 2655 2397 2782 çan motecpana mn jlamatq̄
1339 2747 2426 2903 cepetlatl mjxpan onoc. tlinto
1329 2869 2413 3016 ie ic oalmoiacatia in pilhoa
1326 2973 2423 3137 que cioa, conten timanj pe
1335 3097 2420 3249 tlapan mamacujltetl intiss
1338 3220 2417 3351 velic tamalli: cencauh, in ma
1336 3312 2432 3493 macujltetl contema: qujtla
1342 3471 2417 3614 macativi in mpilhoan, in
1333 3548 2396 3724 ilamatque: auh mjlamas
1342 3689 2405 3854 que, qujnoalantimanj in
1339 3793 2429 3966 pipiltotonti, njma qujmo
