2508 3780
2305 29 2488 123 46.
512 68 932 230 del libro.
1439 101 1557 218 5.
2183 138 2387 243 fu. 22.
1276 224 2395 298 aqujn nechitoa, aqujn nechteneoa: anoçe quj
202 201 1165 309 mal del, oque alguno hablaua del, 9
1267 271 2357 358 toaia: aqujn nechicoitoa, anoce qujtoa: a
194 266 866 399 que algunos hablauan del.
1263 333 2336 413 qujque innoca mononotza. Qujl iehoatl quj
1257 374 2316 481 nezcaiotiaia, iehoatl ic qujmatia: in jquac
1258 432 2335 553 acuehioa, in aca canapa veca qujnteneoa
1252 491 2337 645 Jnjc cempoalli ommatlactli oce capi
193 521 1163 683 Capitulo treynta y vno, de
1241 595 2328 730 fulo, J̄techpa tlatoa in pipiltotonti
198 624 819 774 los niños, o njñas:
1227 676 2318 826 Iniehoantin in pipiltotonti: in iqua yn oc
183 703 1187 867 Otra abusion, yes: que quando comjan,
1255 758 2317 904 coçalco onoque: in jquac tlaqualo, anoço
185 778 1162 909 o beujan enprejencia de algun njño, q̄
1243 817 2327 965 itla miz: achto ijxquac contlaliaia, qujl
182 837 1180 976 estaua en la cuna: ponjan te vnpoco en
1244 892 2309 1023 mach ic amo tzitzicunoz, amo motolinjz
171 909 1178 1038 laboça, de lo que comjan, o beujan, dezi
1248 976 1934 1091 in tlein moqua, anoço mj.
176 956 1193 1096 an: que con esto, no le daria tiipo: quā
181 1038 832 1163 do comjesse: o beujesse:
1226 1045 2351 1211 Jnjc cempoalli ommatlactli omome
175 1105 1172 1291 Capitulo tieinta ydos, de las ca
2243 1190 2311 1239 .
1234 1157 2244 1280 capitulo, ytechpa tlatoa in ooatl:
172 1216 928 1364 nas verdes del mahiz.
1265 1235 2329 1360 n iehoatl ooatl: qujlmach aiac vel iooal
195 1293 1172 1434 tra abusion, dezian: que etque comja
1249 1311 2329 1420 ticaqujquaquaz: in aqujn iooalticaqujqua
194 1362 1178 1498 cañas de mahiz verdes, de nochie: que
1242 1380 2315 1521 quaz, qujlmach ic tlanqualoz: iehoatl iuh
168 1431 1143 1574 le daria dolor de nuelas, adedientes,
1236 1447 2317 1576 qujchioa in aqujntlanqualo: in iooaltica
163 1483 1179 1629 ) paraque esto, no aconteciesse: el que co
1244 1520 2331 1637 oqujquaqua ooatl. Auh in tlaça qujquaqua,
169 1556 1182 1702 mja alguna caña verde de noche, calen
1223 1600 2360 1716 tepiton: achtopa qujtetonja tleco, qujl ic amo
1223 1660 1767 1763 iuh ipan muchioaz.
172 1656 577 1767 taua la al fuego.
1222 1746 2395 1878 Inic cempoalli ommatlac omey capitulo,
95 1777 1177 1929 Capitulo treinta, y tres, del respen
1221 1809 2378 1970 itechpa tlatoa: in calquavitl nanatzca,
143 1892 773 2000 dar de los maderos:
1214 1892 2388 2035 Iniquac cemjlhujtl, anoço iooaltica: in tlatlatzca
1226 1984 2374 2073 in juhquj popoztequj: anoce vel poztequj incalqua
153 1917 1180 2120 Otra abusion, dezia: que si respendaria
1221 2022 2372 2136 itl: qujtoaia: qujliehoatl qujnezcaiotia in aço
163 2018 1153 2169 o sequebraua algun madero, de los del
1221 2104 2356 2216 iemjqujz inchane, anoce iemococoz, anoce y
157 2071 1170 2223 edificio de la casa era señal, que alguno de
1208 2158 2398 2288 pilhoan, anoce yoajutque in vel vnca nemj ichan.
147 2156 1157 2286 losdela casa, auja de morir, o enfermar.
1212 2253 2367 2408 njc cempoalli ommatlactli onnavica
145 2284 1140 2470 Capitulo treinta y quatro, det
1215 2355 2184 2486 pitulo, ytechpa tlatoa in metlatl.
156 2411 422 2516 metlatl:
1197 2442 2369 2553 Iniehoatl metlatl, qujmotetzaujaia innjcan
159 2490 1144 2629 O tra abulion, dezian: que quando se que
1215 2524 2365 2606 tlaca: in jquac aca vncan teztoc in oalpuztequj:
151 2557 1139 2671 braua lapiedra de moler, que sellama:
1208 2608 2322 2680 ic neuiqujlmach iemjqujz in otecia, anoce
156 2627 1139 2752 metlatl, estando moliendo: era senal, q̄
1215 2642 2329 2742 iehoatl in chane, anoço inpilhoan, anoce ce
156 2683 1129 2796 laque molia, auja de morir, o alguno
1209 2712 2035 2815 me mjqujzque in jnchan tlaca.
147 2783 420 2869 de la casa.
1194 2786 2342 2900 Jnic cempoalli oncaxtolli capitulo, ytech
133 2776 1163 2957 Capitulo treinta y cinco, de la casa
1208 2855 2063 2964 oa tlatoa yn calmamaliliztli.
136 2882 1147 3038 nueua: por qujen sacaua fuego: nueuo.
1195 2899 2342 3049 Iniquac aqujnmocaltiaia: in jquac calmamali
1195 2990 2328 3096 muchintin qujcentlalia in vedetque, imjxpan
134 2956 1145 3125 Otra abusion: quando alguno edificaua
1190 3057 2340 3156 in tlequauhtlacaia. Intla iciuhca qujtlaça, in
137 3034 1157 3197 alguna casa nueua: aujendo la acabado,
1198 3130 2316 3219 amo vecauhtica, qujtoa: qujlmach mopa
136 3098 1139 3251 iuntaua los parientes, y vezinos: y delante
145 3160 1157 3310 dellos sacaua fuego nueuo, enla mjsmacas
1088 3192 2311 3314 quiltitiez vellamattiez in chane: in omocalti.
1192 3266 2307 3342 Auh in tlacaiaxcan vetzi in tletl, qujlmach ic
131 3237 1088 3383 Y si el fuego salia presto, dezian: quela
1195 3331 2305 3414 ccttaia in vevetque; amopactiez, amo vella
127 3286 1148 3426 tacion de la casa, seriabuena, y apar.
125 3360 1141 3486 el fuego tartaua ensalir, dezian: quesule
1215 3387 1655 3502 ettiez in chane.
97 3423 1084 3556 ñal: q̄ la abitacion de la casa, seria del.
2153 3473 2245 3536 35.
97 3527 346 3622 y penosa.
