2544 3902
446 29 954 201 de la fiesta
106 195 1220 363 porlos pechos, con vn gran golpe, ytor
113 295 1238 415 nandole asacar, metia la mano por
101 351 1203 506 la cortadura, que auja hecho el cu
106 452 1181 568 chillo, y arrancauale el coraçon, y
116 527 1184 677 ofreciale luego al sol. Desta mane
119 620 1200 737 ra, matauan, atodos los que sacri
104 714 1198 821 ficauan: a este no le hechauan por
116 807 1176 920 las gradas abaxo, como alos otros
121 870 1206 999 sino tomauanle quatro, y baxauā
114 947 1189 1073 le abaxo al patro: alli le cortauan
116 1034 1201 1164 la cabeça, y la espetauan en vnpa
109 1120 1183 1258 lo, que llamaua tzompantli, Des
103 1192 1192 1337 ta manera, acabaua su vida, este
101 1272 1183 1449 que aujasido regalado, y honrra
98 1379 1190 1536 do: por espacio de vn año. Dezian
102 1462 1194 1623 que esto significaua, que los que tie
105 1561 1183 1701 nen riquezas, y deleytes, en su vida
104 1654 1177 1752 alcabo della, an de uenjr apobreza,
87 1737 1193 1865 ydolor. Enesta mesma fiesta haziā
101 1817 1180 1952 de masa, que se llama tzoalli, la y
95 1911 1164 2037 magen de vitzilopuchtli: tan alta
99 1982 1177 2115 como vn hombre, hasta la cinta,
108 2094 1176 2225 enel cu que llamauan, vitznaoac.
108 2184 1176 2311 hazian para ponerla vn tablado,
114 2262 1183 2389 los maderos del, eran labrados, co
104 2342 1174 2490 mo culebras, y tenjan las cabecas
99 2443 1187 2576 atodas quatro partes, del tablado
84 2523 1222 2665 contrapuestas, las vnas alas otras:
93 2624 1211 2774 de manera que atodas quatro par
95 2735 1208 2874 tes auja colas, y cabeças: ala yma
83 2831 1190 2959 gen que hazian, ponjanla por ve
101 2902 1204 3046 sos, vnos palos de mizqujtl: y lue
93 2997 1199 3124 go lo inchian todo, de aquella ma
94 3058 1196 3220 sa, hasta hazer vn bulto de vn hō
81 3167 1178 3292 bre: hazian esto en la casa donde
86 3251 1188 3404 siempre guardaua la ymagen, de
85 3309 1173 3467 vitzilopūchtli: acabada de hazer,
81 3401 1195 3572 con ponjanla luego, con todos los ata
81 3512 1178 3650 ujos de vitzilopuchtli: ponjanle v
70 3581 1166 3778 coa xaqueta, de tela labrada, de
1485 -2 1864 146 Toxcatl.
2177 46 2509 186 fo. 34.
1282 191 2387 348 qujça, vey netolinjliztli: ca iuh mj
1282 306 2395 450 toa, aiac qujtlamitiuh in tlaltic
1269 409 2389 548 pac, paqujliztli, necujltonolli, ne
1269 504 2375 625 tlamachtilli. Auh yn nican me
1267 608 2390 717 xico, yn iquac Toxcatl: motlalia
1266 710 2367 820 motlacatlalia, in vitzilopuchtli:
1285 791 2395 932 vncan in vitznaoac teucalco, ycal
1281 898 2411 1051 pulco: coatlapechco contlalia: ynjn
1273 1026 2382 1156 coatlapechtli, quaujtl in tlaxixin
1278 1128 2347 1234 tli, iuhqujn cocoa, naujntin
1281 1223 2399 1344 in motzinnamjctoque: nauhcam
1275 1350 2406 1458 pa caca yn jntzontecon: mjchioa
1278 1433 2382 1565 uhtzoalli, ynjc qujpepechoaia,
1260 1543 2365 1696 yn jmizqujo, camizqujquaujtl,
1268 1653 2399 1779 in tlaxintli, yn ixiptla muchipa
1272 1752 2338 1880 catca, yn oqujpepechoque: nj
1253 1839 2381 1980 man ie ic qujmamaca yn jtlatq:
1262 1937 2372 2081 conaquja yn jxicol, tlacoaqua
1269 2032 2348 2186 llo, ynic tlacujlolli: yoan pa
1269 2130 2351 2288 nj cononoloa, panj conquentia,
1282 2238 2375 2389 ytzitzicaztilma: iuhqujn cuechin
1275 2336 2343 2490 tli: yoan conaquja yamacal,
1265 2465 2413 2619 yujtica tlachioalli, motocaiotia
1268 2558 2356 2708 anecuiotl: hivitzoncal, icpac icac
1262 2645 2354 2790 tecpatl, çan no hiujtl ic tlacht
1266 2750 2362 2892 oalli, eztlapanquj: njman con
1262 2831 2391 3002 quetia teuquemjtl tlaçotlanquj:
1266 2934 2395 3084 muchi tlacoiujtl yn ic tlachiuhtli,
1264 3035 2361 3194 ynic tlaiecchioalli, ynjc tlacujlo
1257 3137 2381 3278 lli, ynic tlatenchilnaoaiotilli, ynj
1265 3226 2402 3384 ten, can moch tlauhquechol: auh
1274 3325 2335 3480 yn jnepantla manj, cuztic teu
1261 3452 2363 3554 cuj tlaçomalli. Auh yn jomjio
1258 3533 2362 3645 muchioaia, mjchioauhtzoalli, mj
1263 3631 2394 3730 miltic, motocaiotiaia teumjmjlli:
