2604 4098
707 0 1139 223 Libo.
267 232 1440 383 que embuste es este, como no lo sen
243 328 1430 478 tis? vn embuste, que haze dancar
255 419 1405 568 al muchachuelo mataldos, y ape
249 516 1439 654 drealdos: y ansi mataron apedradas
265 614 1435 744 al dicho njgromantico, y al mucha
250 719 1432 832 chuelo. J despues de auerle muerto
252 806 1447 922 comenco a heder, el cuerpo del dicho
240 885 1429 1043 nigromantico: y el hedor corrampia
229 992 1426 1138 el ayre, que de donde venja el vien
238 1106 1382 1227 to, lleuaua muy mal hedor, alos
237 1189 1413 1330 dichos tultecas, de que muy muchos
235 1297 1395 1429 se murian. Y el dicho njgromantico
233 1408 1342 1517 dixo alos dichos tultecas, hechaldo
222 1506 1392 1638 por ay aeste muerto, porque ya se
227 1604 1358 1734 mueren muy muchos de los tulte
218 1691 1403 1834 cas del hedor del dicho nigromantico.
210 1803 1386 1955 Jansi lo hizieron, los dichos tultecas
216 1901 1379 2044 y ataron al muerto, con vnas sogas
202 2021 1317 2146 para lleuar, y echar al muerto,
196 2116 1362 2267 que hedia, y pesaua tanto, que
196 2223 1405 2362 los dichos tultecas, no podian lleuar
189 2323 1351 2472 le, de antes pensauan que presto
172 2424 1334 2571 le echarian fuera de tulla: y vn
184 2536 1348 2675 pregonero, pregono diziendo. A
176 2629 1292 2778 tuitecas, venjos todos, y traed
169 2744 1312 2898 vrās sogas para: atar al muer
161 2897 1333 3025 to, y hecharle fuera. Y en iuntā
156 2985 1330 3105 dose todos los dichos tulteças, lue
160 3106 1295 3211 oo ataron, al muerto, con las so
149 3208 1345 3349 gas, y començaron alleuarle arras
145 3325 1327 3461 trando, al dicho muerto, dizien
150 3450 1289 3565 do entresi. O tultecas, ea pues a
132 3554 1305 3660 rrastrad aeste muerto con vrās
139 3629 1265 3788 sogas. Y el dicho muerto, tanto
139 3745 1282 3878 pesaua: que no le podian mouer,
140 3841 1310 3993 y quebrauanse las sogas, y quebran
1675 68 1795 215 zc
1507 238 2565 423 ltotia ca ienoie in cacateculitia.
1517 396 2564 547 tzatoic quito, tultecaie tlenoca
1495 491 2576 663 tetzauitl: amo totetoauj inca
1498 645 2573 807 tia: auh injn mamiquj, ina
1501 748 2575 920 tepacholo, njman ic quitesuj.
1506 866 2572 1022 choque teticavetz: auh inie a
1492 1005 2559 1154 quj njman ieic yiaca, veltesa
1479 1119 2572 1283 mauhti injc yiad, vel totroula
1476 1231 2571 1400 auh incampa quivica ieliess
1463 1333 2572 1533 in jioca njman ic miqujt. ina
1463 1479 2552 1659 ceoalti: auh in quac ie mjca
1467 1617 2557 1809 tlacatl ic miquj yn jiaca mjfa
1465 1739 2560 1947 ieic quj milhuj intulteca, çaya
1452 1900 2551 2091 noia tlacoteculotl qujto, injna
1454 1998 2556 2203 quj mavetzi, mamotlaca ca
1456 2153 2550 2350 tlaixpoloa yn jiaializ, manta
1453 2279 2533 2464 vilana, auh intulteca njnia
1439 2430 2538 2619 ieic qujmecaiotia, nj manua
1427 2532 2509 2742 quivilana: auh im quac iu
1417 2676 2493 2874 vilana haqueoa, cenca ia
1424 2814 2527 3037 in achtopa atle ipan qujtiz
1438 2922 2531 3146 qujmoxictica, catepan mjla
1424 3083 2533 3300 ieic tzatzioa, auhqujto inta
1409 3204 2534 3421 poiotl, ma ixqujch tlacatl onla
1411 3352 2533 3568 uh: anquioalcuitzque amosze
1403 3518 2553 3678 pan mecauh, motlacatiuh itia,
1406 3642 2541 3855 quj, auh in ocenquicato in buza
1412 3780 2553 3998 ca, njma ieic qujmemecala
