2460 3866
597 -2 1208 173 Libro. E.
71 200 1216 350 das, en las sienes lleuauan puesto
81 294 1215 427 color amarillo. lleuauauan na
72 375 1215 489 chas de teas encendidas delan
63 481 1234 586 te de si, quando yuan dancan
71 576 1195 699 do: lleuduan estas hachas vnos
72 654 1242 777 soldados mancebos exercitados en
69 750 1210 894 la guerra, que se llamauan tel
52 851 1226 995 puchtequjoaque: eran pesados:
78 934 1198 1095 estos hachones, hazian dublecar
75 1054 1207 1221 alos que los lleuauan, yua oote
79 1127 1189 1284 ando la resina, y cayendo bra
70 1242 1186 1386 sas de los hachones: y algunas
84 1332 1196 1466 vezes, algunas teas ardiendo se
79 1449 1224 1601 cayan. or los lados, de vna par
57 1556 1208 1692 te, y de otra, yuan alumbran
63 1653 1189 1807 do, con candeleros de teas, que
62 1738 1167 1888 se llaman tlemaytl: estos lle
66 1861 1190 1990 uauan vnos mancebos, que por
68 1957 1210 2083 su voto hazian penjtencia, veyn
57 2040 1213 2174 te dias enel cu: los dela vna par
64 2136 1186 2277 te, eran tenuchcas, y de la otra
50 2224 1194 2397 parte eran tlatilulcas: estos no
66 2327 1217 2482 baylauan, solamente yuan alum
69 2443 1227 2579 brando, ymjrauan con diligeneia,
58 2513 1169 2686 si alguno hazia deshonestidad,
61 2623 1218 2772 mjrando, o tocando, a alguna mu
57 2718 1178 2885 ger: y si alguno era visto hazer
66 2827 1207 2959 algo desto, el dia sigujente, o des
48 2909 1179 3063 pues de dos dias, le castigauan
69 2992 1195 3129 reziamente, atizoneandole, dan
61 3098 1191 3238 dole de porracos, con tizones, tanto
43 3190 1158 3338 que le dexauan por muerto. Es
56 3274 1153 3436 señor algunas vezes salia aeste
56 3370 1186 3497 areyto, otras vezesno, como sele
63 3452 1193 3590 antoiaua: los que dançauan, vnos
53 3543 1179 3691 yuan assidos, por las manos, otros
45 3634 1171 3791 echauan los braços, asu compa
1468 28 2342 192 de las cerimonjas
1328 210 2399 353 cenca eticiuj, iuhqujntzitzin
1337 300 2374 453 tlacca: auh yn ocotzotl, iuh
1340 407 2392 572 qujn chachapaca, yoan in
1327 518 2392 693 tlexochtli tetepeuhtiuh; ce
1326 627 2394 765 cenmantiuh: yoan in ocotl
1332 721 2376 894 oalichachaiaca. Auh intla
1324 844 2371 992 tenco, can matlematica in
1328 935 2387 1109 tlaujlo: iehoantin in tlavia
1316 1036 2351 1211 ia telpopuchti, in mocem
1314 1157 2390 1316 poalçauhque, tlaiaoalotima
1321 1254 2383 1412 ca ixtlapantimanj; cectla
1315 1376 2345 1510 pal manj intenochca, no
1330 1474 2376 1628 cec tlapal manj, in tlatilul
1318 1579 2381 1748 ca. Auh amo mjtotia, çan
1300 1694 2392 1886 qujxcaujaia, çan ixqujchte
1313 1812 2392 1993 tlaujliaia: yoan tlapioia, vel
1298 1947 2344 2099 teixpieia, vel ymix inte
1308 2050 2384 2227 qujuh catca, ynic aiac, y
1302 2162 2351 2338 tla vncan qujmotequjtiz
1311 2277 2389 2428 ynic aiac vncan teixtlaxiliz
1302 2401 2399 2548 yn açaca vncan vetzcatiuh:
1301 2512 2384 2636 intla aca oittoc, can oc conjxxo
1292 2613 2398 2777 tia, coniximati, aço qujnjmuz
1291 2728 2347 2887 tlaioc, anoço qujmviptlaioc
1278 2827 2367 3006 in qujtlatzacuiltia, qujujuj.
1278 2962 2390 3104 tequj ocoquauhtica, tlatlatla
1282 3073 2288 3234 tiuh camicquj in qujcaoa.
1278 3170 2347 3345 Auh yn iquac netotilo, in
1287 3310 2337 3462 motecucoma, in quenmanj
1261 3403 2365 3557 an oalqujçaia, oalmjtotiaia:
1263 3508 2382 3663 auh in quenmanjan amo oal
1275 3606 2389 3782 qujcaia, çan yiollo tlamatia.
