2584 4078
280 50 752 229 Apendiz
65 329 1090 453 cia, por el mantenjmjento.
48 916 1336 1115 Reiacion de los edificios del
62 1056 1217 1250 gran templo de mexico.
69 1296 1295 1437 Era el patio deste templo, muy ora
72 1365 1308 1518 de tendria, hasta dozientas braças
84 1474 1268 1616 en quadro, era todo enlosado, te
60 1553 1289 1713 nja dentro en si, muchos edificios,
65 1658 1332 1775 y muchas torres: destas torres, vnas
76 1747 1320 1889 eran mas altas que otras, y cada
73 1842 1321 1992 vna dellas, era dedicada avndios,
80 1938 1303 2107 La principal torre de todas, esta
72 2024 1273 2181 ua enel medio: y era mas alta
86 2116 1288 2299 que todas: era de dicada al dios
83 2216 1296 2354 vitzilobuchtli, o tlacauepan cuexco
89 2312 1288 2460 tzin. Esta torre estaua diujdi
94 2416 1318 2543 da, en lo alto: de manera que pare
88 2487 1289 2646 cia serdos, y assi tenja dos ca
97 2585 1286 2758 pillas, o altares: enlo alto cubier
97 2674 1303 2815 tas, cada vna con su chapitel:
79 2779 1304 2952 y enla cumbre tenja, cada vna
103 2882 1278 3026 della sus insigneas, o diujsas,
97 2986 1323 3126 distinctas enla vna dellas, ymas
93 3066 1296 3256 principalestavala estatua, de vi
97 3180 1298 3354 tzilopuchtli: que tambien la lla
95 3254 1296 3438 mauan ilhujcatl xoxouhquj: en
102 3355 1310 3546 la otra estatua, la ymagen del
102 3472 1284 3663 dios tlaloc. Delante de cada
115 3592 1317 3755 vna destas, estaua vna piedra
111 3690 1273 3858 redonda, amanera de taxon,
100 3784 1261 3970 que llamauan techcatl: donde
95 3889 1322 4050 matauan los queacrificauan
1423 30 2100 231 del. libro. 2.
1368 276 2401 450 njc, iuhqujyn muchioaia.
1368 378 2420 532 Auh yn iquac otzonquiz il
1368 481 2441 643 hujtl, yn jmuztlaioc moteno
1349 577 2465 731 oaia, molpalolo: iehica ca one
1362 695 2325 842 caujliloc, in tonacaiutl.
1330 908 2464 1097 Izcatquj in jmelaoaca, in jxquj
1361 1028 2332 1189 ch catca in teucal mexica.
1356 1214 2483 1407 Injtoal catca vitzilopuchtli, injx
1373 1372 2420 1519 qujch ic catca: in juh motta, aco
1361 1472 2467 1604 matlacpovalmatl: auh in vncan y
1363 1580 2499 1723 itic, cenca vevei in teucalli maman
1375 1687 2499 1821 ca, in jnteucal catca diablome: in oc
1376 1771 2459 1936 cenca tlapanaviticatca, in veixti
1382 1875 2441 2040 catca: iehoatl in jcalcatca vitzilo
1365 2003 2457 2172 puchtli, anoço tlacavepan cuex
1355 2088 2489 2268 cochtzin: iehoatl in cenca vei catca,
1378 2226 2452 2367 conca vecapan. Auh injn, nepan
1373 2326 2460 2467 tla in jcaca: auh nevan manca
1363 2408 2523 2570 in jcal catca tlaloc, vel nehoan inoc
1365 2505 2487 2710 ca, vel netechçaliuhtimanca: auh
1373 2634 2498 2818 in ieval icpac, achi veca motzticaa
1373 2753 2469 2919 ca: aço cemmatica. Inj vnteixti
1375 2834 2502 3024 y, occenca tlapanaviticatca, oc cen
1375 2954 2512 3113 ca veveixticatca, çan vel nenevia
1362 3044 2507 3213 ticatca: auh in jcpac ce centetl teu
1362 3154 2507 3317 calli, injcpac manca calli: vncan
1364 3257 2522 3421 catca in jxiptla vitzilopuchtli, no yo
1378 3325 2523 3519 an itoca ilhiujcatl xoxouhquj. quh
1368 3417 2516 3610 in oc cecnj, vmpa catca in jxiptlatla
1366 3538 2519 3697 loc: auh no ioan injcpac, vncan mo
1352 3662 2522 3823 mança tetl iaoaltic, cenca vevey, quj
1359 3746 2531 3890 tocaiotiaia techcatl, in jpan tlamj
1358 3854 2530 4031 tiaya: injc qujnmaviztiliaia in ten
