1816 2624
246 59 1570 224 ¶ Sumario de los capitulos del quarto libro.
118 165 1775 307 Capitulo primero, del primero signo, llamado ce cipactli: y que los que
129 263 1198 351 en el nacian, tenjan buena fortuna. fol. 1.
125 345 1751 448 Capitulo segundo, del segundo signo, llamado ce ocelutl: y que los que
128 391 1115 485 en el nacen, son mal afortunados. fol. 3.
117 474 1746 631 Capitulo tercero, del tercero signo, llamado ce maçatl: y que los que
129 528 1171 630 en el nacen tienen buena fortuna. fol. 7.
123 616 1792 728 Capitulo quarto, de la segunda casa deste signo, llamada vme tochtli:
116 666 1516 788 y que los que en el nacen, seran grandes borrachos. fol. 9.
117 780 1519 859 Capitulo qujnto, de diuersas maneras, de borrachos. fol. 11.
121 846 1737 939 Capitulo sexto, de las demas casas deste signo: vnas prosperas, otras
126 893 1069 999 aduersas, otras indiferentes. fol. 14.
118 980 1773 1111 Capitulo septimo, del quarto signo, llamado ce suchitl: y de las buenas
123 1051 1167 1136 condiciones, de los que en el nacian. fol. 16.
111 1112 1745 1225 Capitulo octauo, del qujnto signo, llamado ce acatl: y de su mala for
109 1164 488 1265 tuna. fol. 20.
113 1195 1790 1347 Capitulo nono, del sexto signo llamado ce mjqujztli: y que los que en el
118 1299 1140 1385 nacian, eran bien afortunados. fol. 22.
109 1347 1787 1509 Capitulo decimo, de las demas casas deste signo: de las quales algunas
117 1428 892 1526 son mal afortunadas. fol. 25.
109 1495 1773 1580 Capitulo vndecimo, del septimo signo, llamado ce qujaujtl: y de su de
113 1562 813 1653 sastrada fortuna. fol. 27.
108 1645 1742 1754 Capitulo duodecimo, de las demas casas deste signo: algunas son
103 1701 1284 1805 indiferentes, y otras del todo malas. fol. 29.
99 1795 1778 1892 Capitulo tredecimo, del mal aguero, que tomauan, si alguno tropeça
105 1848 1779 1971 ua, o se lisiaua, enlos pies, en la quarta casa deste signo, llamada na
94 1908 611 2005 uj ehecatl. fol. 31.
99 1963 1768 2112 Capitulo decimo quarto, de las quatro casas postreras, deste signo: las
97 2038 1044 2138 quales tenjan por dichosas. fol. 33.
98 2135 1763 2234 Capitulo qujnto decimo, del octavo signo: llamado ce malinalli, y de
104 2169 863 2261 su aduersa fortuna. fol. 35.
95 2250 1776 2391 Capitulo decimo sexto, del nono signo llamado, ce coatl: y de su bue
95 2307 1327 2411 na fortuna, es el signo de los trātantes. fol. 37.
93 2366 1791 2480 Capitulo decimo septimo, de la platica, que vno de los mercaderes ha
91 2449 1767 2551 zia, al que estaua de partida, la primera vez, que iua a mercadear
86 2483 301 2582 fol. 38
