2610 4266
485 62 915 217 Libro
155 277 1348 405 sacerdotes: y mas otros quatro prin
166 383 1313 499 cipales, de los mancebos, que te
152 466 1315 611 njan cargo de criarlos mancebos:
145 556 1313 691 los quales se llamauan telpuch
135 630 1292 784 tlatoque: todos estos se hallauan,
141 728 1269 892 presentes, quando matauan el
136 830 1315 964 cuerpo de vitzilobuchtli. Y despu
139 938 1295 1042 es de auer muerto, el dicho vitzi
137 1040 1295 1166 lobuchtli, luego deshazian, y des
145 1123 1282 1241 baratauan, el cuerpo devitzilo
120 1207 1306 1341 buchtli, que era vna masa, he
142 1308 1325 1446 cha de se mjlla debledos: y el cora
127 1401 1321 1545 çon de vitzilobuchtli, tomauan pa
137 1491 1291 1625 ra el señor, o rey: y todo el cuer
133 1610 1319 1748 po, y pedaços, que eran como hu
143 1697 1298 1824 essos, del dicho vitzilobuchtli: en
143 1793 1303 1943 dos partos lo repartian, entre los
124 1890 1317 2035 naturales de mexico, y tlatilulco,
111 2012 1320 2132 Los demexico, que eran ministros
124 2083 1291 2218 del dicho vitzilobuchtli: que se lla
121 2171 1276 2270 mauan calpules, tomauan qua
100 2258 1280 2401 tro pedaços del cuerpo, del dicho
103 2368 1300 2497 vitzilobuchtli, y otro tanto, toma
117 2459 1265 2605 uan los de tlatilulco: los quales
121 2560 1271 2677 se llamauan calpules. Jansi, des
101 2654 1296 2797 ta manera, repartian entre ellos,
98 2756 1288 2903 Los quatro pedaços, del cuerpo, de
96 2851 1253 2986 Vitzilobuchtli: calos yndios de dos
90 2962 1255 3105 barrios, y alos mjnistros, de los
93 3069 1270 3200 ydolos, que se llamauan calpu
101 3166 1249 3291 les: los quales comian el cuer
98 3230 1261 3399 po de vitzilobuchtli, cada año
100 3354 1311 3492 segun su orden, y costumbre, que
95 3458 1268 3590 ellos aujan tenjdo: cada vno co
102 3549 1242 3682 mja vn pedacito, del cuerpo de
87 3647 1253 3788 vitzilobuchtli: y los que comjan e
94 3754 1246 3874 ran mancebos, y dezian que era
106 3822 1279 3943 cuerpo de dios, que se llamaua teu
104 3937 1263 4038 qualo: ylos que recebian, y comjan
94 3984 1291 4099 el cuerpo devitzilobuchtli, se llamavā
93 4073 652 4197 mjnjstros de dios.
1540 73 1697 231 zO
1416 270 2537 438 iehoatl in quetzalcoatl: auh injc
1415 400 2549 557 qujmjctiaia ie mitl, iacatecpaio,
1411 515 2563 677 conaqujliaia yiollopa, in imixps
1396 645 2561 811 miquja ie in Notecucoma, yoa
1396 751 2545 921 intehoa, in vel qujnotzaia in vi
1400 878 2565 1056 tzilobuchtli, in vel qujmonestiliaio
1405 1006 2554 1173 in vel qujmoveniotiaia, yoan lla
1405 1121 2548 1267 vintin tiachcauh tlaiacatique v
1406 1248 2536 1400 qujntinjn in jmixpan injquia
1392 1359 2546 1516 in vitzilobuchtli, auh inomjc,
1393 1499 2567 1648 njman ie ic quixitinja, in inaia
1388 1604 2543 1765 io in tzoalli, yn jiollo itechpovia
1390 1715 2537 1866 in lllotecucoma: auh in oc ceq
1393 1864 2549 2027 in jmimillo, in juhqui yiomjio
1384 1976 2558 2129 muchioa tepan moiaoa nema
1387 2065 2546 2219 maco omolotl in maco intlatliua
1378 2190 2534 2381 ca. yoa vme impepechiuhca,
1389 2314 2546 2485 no, omolotl maço incalpolveua
1380 2433 2537 2618 que in tlatilulca, çan no izqui
1367 2567 2530 2731 in maco intenochca: auh cato
1383 2692 2495 2836 pan qujmomamaca, cantecj
1377 2806 2516 2969 tiuh, ce cexiuhtica in quiquia
1380 2934 2536 3122 cexivitl ontlaxillacalli in quiqua.
1386 3051 2534 3233 no oncalpoltin in calpolveuetli,
1384 3203 2545 3356 auh in qujmomamacaia injlio
1376 3268 2547 3480 caio in tzoalli, cencaçanachitoi
1378 3449 2508 3592 ton, cantepitoton, mztlatoto:
1377 3558 2522 3746 iehoan, in telpopuchti in qui
1366 3687 2532 3853 quaia: auh injnquiquaia tnj
1382 3822 2495 3985 toa teuqualo: auh inie oqui
1376 3933 2471 4103 quaque moteneoa teupia
