1892 2738
292 -14 629 96 Capitulo. 9.
53 98 898 204 y bazian con esto, muchas vanjdades:
70 158 909 240 las vestiduras, y ornato desta diosa: erā,
73 215 904 298 que tenja la boca, y barba, hasta la gar
67 246 907 355 ganta teñjda con vlli: que es vna goma
75 305 899 401 negra. Tenja enel rostro, como vn pa
67 361 886 442 che redondo, de lo mismo: tenja en la
69 422 895 509 cabeça, amanera de vna gorra, hecha
73 468 879 540 de manta: rebuelta, y anudada los
67 527 884 613 cabos del nodo, cayan sobre las espal
58 585 893 676 das, enel mesmo nodo: estaua enxe
63 648 863 737 rido, vn plumaje: del qual salian,
58 702 883 791 vnas plumas, a manera de llamas:
68 764 880 853 estauan colgando, azia la parte tra
59 827 893 926 ssera, de la cabeça. Tenja vestido,
61 891 885 985 vn vipilli: el qual en la estremjdad
61 953 880 1029 de abaxo, tenja vna cortapisa, an
59 1006 870 1101 ncha, y harpada. Las nauas, que
55 1068 881 1161 tenja eran blancas. Tenja sus cu
62 1125 870 1217 taras, o sandalias, enlos pies: enla
60 1197 866 1285 mano, yzqujerda vna rodela, con
53 1260 897 1342 vna chapa redonda de oro, enel medio:
44 1331 860 1402 enla mano derecha, tenja vna esco
47 1374 871 1456 ba: que es instrumento, para ba
49 1433 158 1518 rrer.
52 1897 861 2027 El noueno capitulo, se trata:
52 1992 842 2114 de vna diosa, llamada, Tzapu
46 2072 312 2147 tla tena.
43 2142 838 2251 Esta diosa, que se dize, tzaputla tena:
51 2231 865 2313 fue vna muger, segun su nombre: na
46 2288 870 2374 cida enel pueblo, de tzaputla. Y pores
35 2346 864 2411 to, se llama, la madre de tzaputla: por
32 2407 854 2481 que fue la primera, que inuento, la
40 2455 860 2530 resina, que se llama vxtil: yes vnaze
37 2509 876 2597 yte, sacado por artificio, de la resina del
1005 -3 1567 92 de, tzaputla tena.
1697 -1 1835 90 fo. 4.
946 120 1819 230 njman ce tlacatl onmaqujaia, ynj
949 193 1777 319 eoaio, yn nepantla oalmoquetza
950 295 1771 387 ia, vmentin ycuexoa, qujujca
939 349 1733 473 ia, qujtzatzacutiujia: moticaui
939 423 1731 550 que, motlotloujtecque, çan pe
947 516 1766 627 petlauhtiuj, in memecamaxtli:
928 590 1766 706 amacalli in qujmama, mahma
936 670 1750 790 lacaquetzallo, ichcaxochiio, hiuj
934 756 1774 878 quetzallo: vmpa concaoa, intoci
938 834 1752 952 titlan: quauhtlapechco contlali
929 908 1738 1031 aia, yn jeoaio. Auh ynjc ne
935 992 1767 1101 chichioale, motenolcopi, tlaxapu
928 1068 1767 1183 chtli qujmotlatlalili yn jcamapā
919 1152 1748 1266 ichcaxochioa, poiatemale, cuech
931 1234 1756 1339 cueie, mocuechcueti: ic mjtoa,
921 1312 1767 1424 citlalli ycue, citlalcueie, quavi
926 1392 1774 1500 vih, tzetzeliuhquj yn juipil, qua
915 1470 1774 1598 uhtzetzeliuhquj, iztac quavihujio,
920 1544 1762 1683 quauhteuitzpo; yn jchimal, teu
921 1628 1792 1745 cujtlaytixapo, totoicxiio, popoa,
911 1744 1109 1831 izqujce.
926 1861 1772 1997 Jnjc chicunauj, capitulo: vncan
915 1951 1745 2061 moteneoa, yn cioateutl, yn jtoca
913 2043 1299 2155 Tzaputla tena.
923 2136 1760 2249 Ce cioatl, ipan mjxeoaia, yn oxitl
910 2215 1732 2336 yn acaio muchioaia: quipaleuja
898 2290 1746 2405 yn tenacaio, yn aqujn quaxococi
904 2364 1747 2470 uj, tozcamjiaoaciuj, motozcaoxi
903 2452 1720 2547 uja: chaquachiuj, quaçaoati, xo
901 2540 1726 2631 tzaianj, tentzaianj, ixteteçonauj,
