2718 4454
185 160 763 350 de la fiesta
27 344 1088 515 aunque se bañaua, no lauauā
19 475 1118 617 la cabeça, sino solo el pescueco:
22 581 1109 717 abstenjanse los hombres de las
29 650 1096 812 mugeres, y las mugeres de los
32 745 1086 900 hombres. Lanoche de la vigi
33 857 1106 1005 lia de la fiesta, para ama
34 967 1119 1109 nescer a la fiesta, de atemuz
42 1050 1119 1205 tli: que era alos veyntedias
44 1141 1085 1299 deste mes, toda la noche
34 1242 1105 1412 gastauan en cortar pape
45 1381 1089 1508 es de diuersas maneras: a
53 1442 1117 1640 estos papeles, ansi cortadas
43 1586 1124 1763 llamauan teteujtl, cortados.
43 1706 1111 1876 Estos papeles, pegauanlos
49 1797 1103 1994 avnos varales grandes, des
44 1924 1139 2063 de baxo, hasta arriba, ama
53 2033 1132 2164 nera de vandera: todos estos
44 2118 1150 2279 papeles, estauan manchados
59 2244 1131 2388 de vlli: y despues hincauan,
67 2342 1160 2499 este varal en el patro de suca
56 2431 1148 2581 cada vno: y alli estaua to
73 2528 1132 2684 do el dia de la fiesta. Y estos
49 2621 1167 2805 que hazian el voto, de hazer
45 2759 1150 2923 las ymagines, conbidauan, a
48 2852 1166 3026 los mjnistros de los ydolos, pa
57 2983 1142 3136 laque viniessen asus casas, a
68 3068 1142 3243 Dazer los papeles, conque auj
73 3189 1154 3333 an de componer, alas ymagi
51 3293 1136 3422 nes de los montes: y hazian
44 3387 1129 3548 tas en su monesterio, que se
41 3461 1143 3634 tlama calmecac. Despues de
49 3569 1192 3758 auer lo hecho, lleuauanlas alas
52 3682 1198 3837 casas, de los que aujan votado:
45 3785 1201 3914 y lleuauan tambien su teponaz
50 3878 1169 4015 tli, y su sonajas, y la concha
57 3975 1188 4134 de la turtuga para tañer: en
60 4067 1184 4236 degando, luego componjan, las
46 4150 1235 4318 magines, que estauan hechas,
1430 143 2021 331 Atemuztli.
2283 194 2523 334 fo. o1.
1170 363 2438 484 macoaia, yoan olli, ajoaitztli,
1193 456 2469 663 yoan ichtli in qujcoaia: cenca
1179 615 2475 777 qujmaviztiliaia, yoan qujne
1166 747 2504 905 caviliaia mjc tepiqujzque, yoa
1182 859 2452 1045 tequentizque: amo mamovia
1182 971 2514 1131 ia mjc malltiaia, can moquech
1188 1102 2531 1263 altiaia, amono eioa cochia: cuch
1192 1222 2501 1435 in cioacl amono oqujct cochia.
1199 1341 2482 1537 stuh in ieiuh oallatvi elhujtl
1215 1511 2516 1643 mjquac tlacempo alti Atemuz
1196 1620 2475 1767 tli, iuh ceioal in nemoa, vel
1200 1748 2480 1895 neixpololo, mamaxotlalo; in
1202 1862 2472 2016 tlamj, in iecavi tetavitl: ach
1222 1988 2426 2149 motlan, moiecauh, matla
1217 2116 2474 2295 quauh titach movivipana
1219 2232 2480 2428 tlaltitach peuhticac, onaciti
1215 2357 2469 2533 cac mjtzonco; itoalnepantla
1220 2488 2453 2684 iqujquequetza, vel oncā es
1224 2593 2558 2812 mjlhujtia: auh in tepicque ach
1215 2728 2523 2919 topaqujn molcaoaltiaia intla
1223 2849 2504 3045 macazque, mjc qujnchiviliz
1226 2980 2512 3147 que mamactatquj tepictotō:
1228 3112 2470 3260 auh çan vmpa in calmecac in
1224 3208 2526 3395 qujchichioaia. Auh momuchi
1237 3340 2569 3507 ie cauh, meequjtqujtze in mchā
1237 3498 2507 3658 tepiqujnj, yoan in tlatquj oaal
1245 3623 2536 3783 ietiuh in in teponaz, ynā mma
1235 3739 2539 3884 iacach; ypan mjmaiouh, mec
1268 3860 2572 4068 qujnchichioa, in tepicmequjn
1275 4005 2515 4179 tlamamaca, qujntlaquētia:
1272 4120 2545 4280 ouh maca qujpiquja, acoma
