2640 4024
1108 44 1818 218 Del primero libro
1364 235 2554 387 naoatilti, tlacentelchioalti: yiaohoan
71 251 1283 424 y abhomjnados: por ser malditos
1375 347 2554 481 yn totecujo dios, yoan toiaohoan in
78 361 1284 530 y enemigos de dios, y de todos los
1364 440 2573 596 titlaça. F. O cel intlaueliltic, ca cen
74 487 1297 614 hombres. F. O mucho mas mal
1370 514 2565 644 ca tlacemjsnaoatilti, in iehoantin in oc
1371 596 2560 718 noma tlateutocatinemj in axcan, inie
66 593 1293 744 ditos, y malauenturados aquellos,
1380 690 2574 823 oacico teutlatolli, in ie caco in sancto euā
65 695 1292 897 que despues de auer oydo, las pa
1386 779 2534 922 gelio: ca oc cenca techoctique, tetozquj
73 807 1310 982 labras de dios, y la doctrina chris
1381 861 2558 982 tenque, in iehoantin in ieomoquate
1382 953 2535 1087 qujque, yn ipan in jnnequatequjliz,
77 960 1335 1143 tiana, perseueran en la ydolatria:
1374 1043 2552 1177 in ie noceppa tlapoa, atlan teitta, quj
50 1061 1298 1285 y mucho mas dignos de llorar, los
1376 1116 2564 1246 neltoca in temjctli, anoço intozquj cho
1392 1186 2583 1348 ca, y mjspapatlaca: anoço qujmotetza
82 1209 1270 1403 que despues de baptizados, y de
1391 1311 2550 1452 via in chiquatli, in teculotl: yoan occe
79 1311 1294 1501 auerse conuertido a dios, tornā
1385 1388 2580 1558 quj in ie vecauh, netetzaujloia. Jn jsq̄ch
88 1472 1323 1635 a hazer superstitiones, o aydolatrar
1388 1504 2543 1645 tin, yn iuhquj qujchioa yn, cenca
1384 1571 2573 1716 monequj in njcan tlalticpac, tlaihi
97 1582 1293 1762 todos los que tal hazen, son hijos
1376 1690 2547 1832 ioujltilozque, yoan yn jquac miquiz
101 1736 1295 1921 del diablo, y dionos de gran cas
1373 1799 2256 1950 que, mjctlan tlacalozque.
84 1846 1265 2062 tigo, eneste mundo, y enel o
1400 1929 2576 2146 G. Jn ipampa tlateutoqujliztli, cenca
85 2016 1274 2194 tro de grande infierno. G. Es
1389 2091 2581 2248 mjectlamantli netoliniliztli, impāmu,
82 2096 1306 2322 ta fue la causa, que todos vrōs
1395 2173 2584 2298 chioaia in veuetque, yn amo culhoan,
1395 2271 2584 2391 yn amocihoan: ca mjectlamantli iau
89 2256 1275 2413 antepasados tuujeron, grandes
1383 2337 2588 2477 iotl, njcan manca, in nueva españa,
98 2382 1273 2524 trabaxos de continuas guerras,
1396 2428 2542 2563 ynoc ipan tlateutoqujliztli: miecpa,
1398 2525 2589 2648 maianaloia, miecpa cuculiztli moma
100 2494 1296 2661 hambres, y mortandades: y alfin
1387 2605 2579 2726 naia, ic mjcooaia. Auh inic tepeoaco
95 2622 1277 2777 embio dios contra ellos, asus sier
1397 2705 2559 2837 in in españoles, injc miequjnti ispo
95 2718 1300 2898 uos los cristianos, que los destruy
1377 2770 2564 2960 liuhque in maceoalti, camuchi ipam
1392 2869 2609 3008 pa omuchiuh, in tlateutoqujliztli: auh
85 2848 1303 3040 eron aellos, y atodos sus dioses:
1388 2960 2588 3111 yn axcan yn izqujtlamantli tetoliniliz
76 2966 1289 3180 y si algunos trabaxos ay agora, es
1386 3068 2581 3194 tli manj, ca muchi ipampa intla
89 3110 1328 3324 porque ay, aun algunos ydolatras
1380 3132 2575 3300 teutoqujliztli, iehica, ca aiamo cemjl
89 3231 1305 3403 entre vosotros: porque aborrece di
1380 3238 2574 3423 cauj: Jn totecujo dios, tlapanauja yn
1378 3349 2559 3516 ic moqualanaltia, ca qujnmotlatla
91 3327 1321 3520 os alos ydolatras, sobre todo gene
1375 3440 2617 3594 tilia, in tla teutocanjme: iehica ca in in
84 3467 1301 3628 ro de peccadores, por ser el pecca
1394 3544 2598 3675 tlateutoqujlizn jnjc qujmoiolitlacalvia
89 3583 1294 3746 do, de la ydolatria el mayor de
1386 3636 2585 3781 in totecujo dios, vel quipanauja, ynjs
83 3690 1314 3856 todos los peccados: y los ydolatras
1385 3715 2585 3875 qujch tlatlaculli. Auh intlateutocanj
1375 3799 2599 3945 me, in vmpa mictlan, occenca temama
91 3813 1295 3978 enel infierno, son atormentados
