2640 4502
535 116 1199 342 Libro. 2.
94 335 1431 505 te masa de bledos: algunos tenjan he
108 456 1405 625 chas cinco, algunos diez, y otros
123 569 1387 728 qujnze: eran las ymagines de los
120 649 1377 811 montes, sobre que las nubes se
120 774 1420 918 arman como es vulcanz, y la sie
112 893 1400 1031 rra neuada, y la sierra de tlax
108 1001 1343 1151 calla. Et. y otras desta manera.
99 1083 1424 1260 Despues de auer compuestas, estas
103 1246 1395 1392 ymagines, ponjanlas en orden,
108 1329 1403 1501 enel oratorio, de la casa: y luego
110 1435 1395 1607 ponjan comjda, acada vna por
108 1556 1405 1694 si, delante dellas sentauanse:
101 1685 1378 1863 y los tamales que las ponjan, e
94 1844 1371 1980 ran muy chiqujtos, conforme
102 1931 1389 2101 alas ymagines, que eran muy
99 2075 1391 2214 pequenjtas, ponjanlos en vnos
117 2189 1374 2363 platillos, pequenuelos, y vnos
101 2316 1340 2460 caxitillos, con vn poqujtito de
99 2441 1376 2594 maçamorra, y tambienvnos
104 2580 1373 2722 tecomates pequenjtas, que ca
92 2654 1352 2815 bian poqujto de cacaoatl: en
98 2767 1336 2935 vna noche los presentauan
108 2884 1349 3066 çomjda. Desta manera, qua
92 3001 1388 3171 tro vezes, tambien los ponjan
93 3127 1371 3256 dos tecomates de calabaca ver
98 3256 1369 3391 de, que se llama tzilacaiotli,
100 3368 1388 3539 hinchianlos de pulcre: y toda
82 3510 1360 3655 la noche, estauan cantando
103 3622 1376 3783 delante dellos, tanjan sus fla
102 3755 1361 3919 utas, y no tañjan los flaute
117 3875 1386 4044 ros, sino vnos mancebillos, que
102 4007 1382 4158 buscauan para esto, y dlauan
108 4093 1365 4257 los de comer. Necho todo esto
83 4181 1383 4334 en amanesciendo. Los ministros
1656 155 2558 332 de las cerimonjas,
1522 335 2615 514 cujltatl, i aca aço maela
1533 485 2609 631 m aca aco caxtoltetl: auhis
1527 611 2616 802 qujihchioaia çan muchos:
1508 706 2644 929 tzoalli. Auh in qujn piqujs
1515 884 2618 1049 iehoantin in tetxpe: m pol
1511 959 2645 1191 ca tepeci, mjztactepetl an
1509 1142 2611 1302 iztac cioatl, in tlaloc, mig
1500 1280 2607 1444 oaltecatl, in quauhtepeci,
1505 1370 2643 1572 m cocotl, yiauhqueme, inc
1507 1517 2615 1717 petzntli, in tepepolli, invi
1495 1622 2627 1795 cttecatl: no ie in tletl, inchiā
1485 1782 2588 1927 me coatl, chalchiuhtli icue
1485 1893 2606 2105 ecatl. Auh mo qujn cencaut
1500 2052 2618 2228 que, mac qujn tlamaça, cec
1480 2188 2603 2327 nj mjxcavia: auh in in tanla
1480 2273 2646 2450 cenca can tepitotin, cencao
1479 2418 2614 2584 achitoton, papatlachtotulia
1485 2552 2605 2730 papa tlactipipil: quauh cū
1458 2697 2572 2883 totonco in qujntetemjlia,
1473 2830 2590 3004 mmolcaxtoton, yoan m egs
1469 2950 2573 3115 tecō toton, can no tepitotvn,
1456 3091 2585 3287 cā achi monaquj cacaoatis
1461 3218 2595 3418 uh nappa in qujntlamauo
1457 3349 2589 3518 eoal, yoan mjxpan malhzi
1485 3483 2589 3640 titatl chalchiuh tecomaz,
1468 3585 2597 3755 vctli oncaca: auh in chalitli
1455 3714 2565 3915 uh tecomatl muchioa, ic
1433 3837 2613 4046 hoatl i tzilaçaiotli, xoxoco:
1445 4001 2592 4180 qujxtlapanaia, qujoalquj
1446 4110 2595 4338 tilia mjaio vachio, qujoadc
1435 4273 2577 4473 io oachqujxtia: poan quj
