1880 2740
317 -2 695 101 Capitulo. 76.
69 99 907 197 eran blancos. Y los cabellos, los tocaua: de
73 178 895 228 manera que tenja, como vnos corneçue
70 225 901 295 los, cruzados: sobre la frente. Dizen tā
67 266 883 352 bien, que traya, vna cuna, acuestas: co
66 310 912 383 mo qujen trae, asu hijo, enella: y ponja
66 380 920 453 se en el tianquez, entre las otras mugeres:
54 434 863 512 y de sapareciendo, dexaua alli, la cuna:
66 482 900 580 quando las otras mugeres, aduertian: q̄
63 535 901 623 aquella cuna, estaua alli olujdada: mj
65 580 906 665 rauan, lo que estaua enella: y hallauā
71 639 901 720 vn pedernal, como hierro, de lançon: cō
59 693 897 783 que ellos matauan, alos que sacrificavā
63 748 903 846 En esto, entendian: que fue cioacoatl, la
57 795 433 894 que lo dexo alli.
64 886 879 1007 El septimo capitulo, trata: de la
64 982 860 1088 diosa, que se llamaua, chicome
59 1059 696 1141 coatl: es otra diosa ceres.
65 1140 899 1268 Esta diosa, llamada chicome coatl: era
67 1240 889 1319 la diosa, de los mantenjmjentos: assi de lo
62 1288 889 1371 que come, y de lo que beue. A esta la
68 1342 882 1432 pintauan, con vna corona, en la cabe
62 1414 894 1484 ça: y en la mano derecha vn vaso, yen
53 1451 880 1537 la izqujerda, vna rodela, con vna flor
51 1515 849 1604 grande pintauan. Tenja su cueytl,
50 1569 869 1653 y vipilli, y sandalias, todo bermejo: y
48 1633 890 1717 lacara teñjda de bermejo. Deujo esta,
54 1689 863 1784 ser la primera muger: que començo
55 1757 888 1856 a hazer, pan, y otros manjares, y gujsa
60 1810 160 1877 dos.
65 2053 866 2150 C capitulo octauo, trata: de
60 2122 861 2195 vna diosa, que se llamaua, la
54 2186 866 2281 madre de los diosos: coraçon de la
47 2242 706 2347 tierra, y nuestra abuela.
60 2409 860 2497 Esta diosa, era la diosa, de las me
50 2479 849 2554 dicinas, y de las yeruas medicinales:
49 2531 857 2633 adorauanla, los medicos, y los ciruja
1023 -3 1505 102 de chicomecoatl
1685 36 1790 118 f3.
970 117 1783 238 axtlaoal, yn jaxtlacujl, ioaltica
963 203 1768 324 chocatinenca, tecoiouhtinenca,
964 293 1775 400 no iautetzaujtl catca. Auh yuj
966 386 1776 499 yn muchichioaia yxiptla, ynj
958 465 1764 575 xaiac, centlacochichiltic, cen
949 575 1776 655 tlacotliltic, yujquatzone, teu
949 662 1731 781 cujtlanacoche, quechqueme,
952 760 1371 850 xiuhtzotzopace.
953 880 1756 1022 Jnic chicome capitulo: vn
957 985 1753 1098 çan moteneoa, yn cioateutl:
947 1064 1600 1198 yn jtoca chicome coatl
961 1189 1780 1306 Ghicome coatl: iehoatl ipanmj
929 1299 1767 1424 xeoaia, qujmjxiptlatiaia, into
931 1364 1762 1482 nacaiotl: yoan incaço tlein y
930 1441 1788 1571 nenca, yiolca maceoalli, yn joa,
936 1536 1745 1654 yn qualo. Auh yujn ynne
931 1611 1766 1731 chichioale catca; ixtlauhxaoa
925 1703 1758 1827 le, amacale, axochiavipile, a
923 1797 1754 1903 xochiacueie, no poçulcaque,
880 1863 1737 1980 Y tonalchimale, tonatiuhchi
908 1972 1091 2061 male.
936 2029 1751 2189 Jnic chicuei, capitulo: yncā
916 2160 1753 2271 moteneoa, yn cioateutl, yn jtoca:
906 2230 1780 2347 Teteu ynna: no motocaiotia, tlal
906 2310 1453 2435 lli ycollo, yoan toci.
940 2423 1728 2542 nnā catca yn teteu, qujmoteu
910 2501 1818 2622 tiaja, in titici, in teitzmjnque, iO
