2676 4240
205 22 756 203 de la fiesta.
75 249 1235 393 por sanar de sus emfermedades:
54 353 1236 533 y dizque algunos dellos sanauan, y
69 494 1037 635 atribuyanlo aesta deuocion.
68 627 1256 790 Con grandes cerimonjas, se conclu
68 740 1237 894 ya esta fiesta, y con grandes ceri
78 861 1239 988 monjas, se lauauan, los que a
67 951 1275 1108 ujan traydo, los pellejos vestidos:
62 1067 1265 1243 los duenos de los captiuos, y todos
56 1204 1255 1349 los de su casa, no se bañauan, nj
74 1327 1231 1487 lauauan las cabeças, hasta la con
82 1458 1235 1613 clusion de la fiesta, casi por espa
77 1567 1244 1729 cio de veinte dias: hecho lo dicho
74 1683 1249 1864 lauauan, bañauanse ellos, y los
80 1807 1251 1980 de su casa. Los que aujan traydo,
67 1941 1262 2113 los pellejos vestidos, lauauan se al
77 2048 1264 2217 li enel cu: con agua, mezclada, con
74 2178 1257 2323 harina, o con masa de mahiz: y de
94 2266 1290 2467 alli yuan abañarse, enel agua comū
86 2375 1268 2573 y nose lauauan ellos, sino lauan los
93 2514 1256 2689 otros, no fregando los el cuerpo, con
66 2618 1296 2797 las manos, sino dandoles palmadas
75 2725 1280 2877 con las manos mojadas, enel cuerpo:
68 2854 1249 3033 dezian que asi salia, la orosura
61 2974 1288 3147 del pelleio, que auja traydo vestido.
57 3129 1242 3259 Tambien los dueños de los captiuos
54 3246 1239 3388 los de su casa: hecho todo esto, se
57 3331 1231 3507 lauauan, y xabonauan las cabeças,
55 3456 1274 3614 de lo qual se aujan abstenjdo, veyn
55 3577 1261 3715 te dias, haziendo penjtencia, por su
55 3697 1256 3825 captiuo difunto. Despues de todo
40 3787 1262 3992 lo dicho, el dueño del esclauo, que a
1510 31 2590 220 tlacaxipeoaliztli. fo.25.
1355 250 2545 399 coatlan tona: yn jtech tlaquauh
1364 366 2528 510 tlamati, yn jnnetemachil, ynj
1362 491 2515 613 tech moquauhiotia, yn inqua
1355 577 2520 729 uhio, yn jtech motzatzilia. Auh
1362 704 2516 844 can no iquac eoatlatilo, onmo
1362 818 2532 943 tlatia, onmoçaçaoa, yn jmeoa
1355 927 2493 1071 io tlaca, vmpa iopico ona acti
1365 1058 2561 1210 uj: in caço aqujn connequja, con
1360 1180 2515 1301 monectiaia, ontlaeleujaia, in
1361 1273 2529 1416 mihivintia telpopochti. Auh
1372 1422 2514 1556 cequjntin ic monetoltia, yn
1361 1528 2500 1680 eoatlatizque: ipampa aço pa
1355 1659 2499 1802 palanja, aço cacaoati, anoço
1357 1777 2548 1918 ixcocoia: tel in aca, ipanti, icpa
1344 1904 2535 2050 ti, in aca amo pati: ceceiaca in
1353 2031 2531 2165 chan in tlamanjme oalpeoa, oa
1352 2139 2525 2254 leoa, conmaqujtiuj in eoatl, a
1356 2249 2534 2387 mateteujtl, ymaçolpan mamā
1351 2345 2524 2522 tiuh, yoan in tlanitzco. Auh
1351 2476 2576 2646 ynic vih, chocholotiuj, hiaxtiuj,
1369 2614 2499 2759 centlalli mantiuh, ynjc yia
1367 2735 2493 2890 que, vel tetzonujtec, aisnamj
1352 2867 2556 3010 quiztli: çan neiacapacholo ynjc
1363 2975 2520 3116 namjço, ynic tetlaqujça. Auh
1348 3100 2545 3234 yn eoatl, ocototzauh, ocacalach
1351 3249 2519 3361 oac, oquaoac: auh in cequjça
1353 3335 2509 3493 chiqujuhtica qujnapaloa, yno
1342 3462 2531 3611 uel tepioac, yn oquelochauh, o
1351 3592 2507 3725 quappitzoac. Auh intlamanj
1351 3701 2528 3843 me, qujniacantiuj in tototecti
1338 3829 2499 3963 in tletlema, in tletlemaietiuh:
