2120 2630
394 10 1662 153 ¶ Sumario de los capitulos, del peiero libro.
125 127 1991 279 ¶ Capitulo primero, que habla, del principal dios, que adorauan, y a qujen sa
147 229 1545 325 crificauan los mexicanos llamado Vitzilobuchtli. fol. 1.
144 293 1986 444 Capitulo segundo, que trata, del dios llamado paynal: el qual siendo hom
150 364 1123 431 bre, era adorado por. dios. fol. ibidem
143 428 2004 557 Capitulo tercero, que trata: del dios llamado, tezcatlipuca: el qual general
151 495 1948 624 mente, era tenjdo por dios, entre estos naturales, desta nueva españa, es
162 561 831 633 otro jupiter. fol. ibidem.
153 616 1945 743 Capitulo quarto, trata: del dios, que se llamaua Tlaloc, tlamacazquj. fol. 2
150 696 1951 813 Capitulo qujnto, trata, del dios que se llama, Quetzalcoatl, de los vientos.
165 744 492 835 fol. ibidem.
162 805 1975 921 Capitulo sexto, se trata: de las diosas, principales: que se adorauan en
161 883 1015 960 esta nueva españa. fol. ibidem.
162 939 1985 1055 El septimo capitulo, trata: de la diosa, que se llamaua chicomecoatl: es otra
174 998 645 1086 diosa ceres. fol. 3.
168 1067 1994 1186 El capitulo octavo, trata, de vna diosa, que se llamaua, la madre de los
179 1131 1632 1221 dioses, coraçon de la tierra, y nuestra abuela. fol. ibidem.
163 1191 2004 1302 El noueno capitulo, se trata: de vna diosa, llamada tzaputlatena. fol. 4.
170 1262 2097 1379 El capitulo decimo, se trata: de vnas diosas, que llamauā cioapipilti. fo. ibidem.
167 1330 2001 1448 En el onzeno, capitulo, se trata: de la diosa del agua: que la llamauan chalchi
168 1396 949 1488 uhtli icue: es otra juno. fol. 5.
167 1461 1992 1585 El capitulo dozeno, trata: de la diosa, de las cosas carnales: la qual llamauā
170 1519 1050 1603 tlaçulteutl: es otra venus. fol. 6.
149 1610 1964 1722 El capitulo treze: trata de los dioses: que son menores en dignjdad, que los
162 1679 1960 1781 arriba dichos: el primero destos, es que llaman xiuhtecutli, es otro vulcā
162 1737 365 1811 fol. 10.
156 1770 1947 1897 El catorzeno capitulo, habla: cerca de vn dios, que se llamaua: macujlsu
155 1864 1995 1955 chitl: que qujere dezir: cinco flores. Y tambien se llamaua: suchipilli, que
155 1898 1944 2034 qujere dezir, el principal que da flores: o que tiene cargo cargo, de dar
149 1967 550 2056 flores. fol. 12.
138 2028 1970 2185 El capitulo qujnze, habla del dios llamado, omacatl: que qujere dezir,
155 2105 1273 2182 dos cañas, es el dios de los combites. fol. 13.
141 2167 1966 2326 El capitulo deziseys, en que se trata, del dios llamado: Ixtlilton, que quje
136 2226 1718 2335 re dezir, el negrillo: y tambien se llama, tlaltetecujn. fol. 14.
132 2308 1947 2450 Capitulo dezisiete, habla del dios llamado, Opuchtli: el qual era tenj
143 2357 1351 2460 do, y adorado, enesta nueva españa. fol. 15.
132 2422 1928 2565 Capitulo deziocho, que habla del dios llamado, xipetotec: que qujere
136 2487 768 2612 dezir desollado. fol. 16.
