1560 2400
208 41 547 131 Capitulo. 11
40 139 750 223 haziendo estos daños: y por esto los padres,
51 197 744 262 y madres, vedauan asus hijos, y hijas: que
46 243 738 308 enciertos dias del año en que tenjan: que
47 289 739 360 decendian estas diosas, que no saliessen
40 333 730 408 fuera de casa: porque no topassen con el
47 381 740 455 los, destas diosas: y no los hiziessen, al
44 437 747 519 gun daño. Y quando alguno, le daua per
44 483 737 564 lesia, o otra enfermedad repentina, o en
37 543 724 610 traua enel, algun demonjo: dezian q̄
46 585 728 663 esta diosas, lo aujan hecho. Y por esto,
37 635 720 709 las hazian fiesta: y enesta fiesta,
45 698 728 767 ofrezian en su templo, o en las encruzi
43 734 719 816 jadas, de los camjnos: pan, hecha de
37 780 737 869 diuersas figuras: vnos como mariposas,
41 842 720 922 otros de figura del rayo: que cae del
41 880 734 968 cielo, que llaman xonecujlli. Y tambi
48 938 729 1008 en vnos tamalejos, que se llaman, xu
41 984 728 1057 xcujchtlamatzoalli: y mahiz tostado, q̄
43 1031 735 1110 llaman ellos, izqujtl. La ymagen destas
42 1077 742 1143 diosas, tiene la cara blanquezina, como
49 1121 723 1200 si estuujesse, teñjda, con color muy blan
51 1171 729 1240 co: como es el tiçatl. Lo mjsmo los braços,
37 1218 724 1284 y piernas: tenjan vnas orejeras de oro.
42 1254 752 1311 los cabellos tocados, como las señoras, con sus
45 1301 754 1367 corneçuelos. El vipil, era pintado, de vnas
45 1336 749 1427 alas de negro: las naoas, tenja labradas,
39 1382 733 1468 de diuersas colores: tenja sus cutaras
43 1440 183 1503 blancas.
49 1467 728 1563 Enel vnzeno, capitulo, se trata:
56 1534 716 1609 de la diosa, del agua: quel llama
47 1584 719 1675 ulan, chalchiuhtli ycue, es otra ju
50 1654 129 1704 no.
47 1691 723 1779 Esta diosa, llamada chalchiuhtliycue:
39 1777 712 1846 diosa del agua: pintauanla, como a mu
35 1818 703 1889 ger: y dezian que era hermana, de los
40 1864 729 1913 dioses, de la lluuja: que llaman tlaloques.
39 1909 722 1968 Honrrauanla, porque dezian, que ella te
41 1943 720 2023 nja poder, sobre el agua de la mar, y delos
38 1991 717 2062 rjos: para ahogar, los que andan enestas
43 2034 732 2116 aguas. Y hazer tempestades, y toruellinos,
42 2079 728 2154 enel agua: y anegar los naujos, y barcas:
32 2129 691 2196 y otros vasos, que andan por el agua.
38 2170 704 2249 Hazian fiesta, aesta diosa: en la fiesta
838 47 1539 146 de chalchiuhtli icue. fo. 5.
805 155 1494 257 yntetaoa, anoço tenaoa, qujmil
794 226 1481 329 hujaia yn jnpilhoan; maca xon
792 314 1489 398 qujça, tlalpan aci, temo in cioa
793 362 1513 475 pipilti. Auh ipampa y, yn iquac
791 454 1485 555 ymjlhujuh, ynjc qujntlamanj
787 520 1487 639 liaia: tlamatzoalli, papalotlax
784 623 1466 710 calli, xonecujli, xocuichtlama
784 694 1481 803 tzoalli, izqujtl. Auh yn vnean
782 771 1499 886 momana y, in quenman vnean
787 860 1457 972 yn cioateucalco, in quenman
789 938 1484 1037 vmaxac. Auh yn jnnechichi
777 1029 1500 1116 oal catca, mjxtiçauique: auh pa
782 1106 1466 1196 nj tlaolxaoalti, tlaitzcopeoaltec
768 1178 1451 1269 tli, tlaitzcopeoalli, ynjmama
775 1260 1451 1342 tlaquen, potoncacaqueque.
772 1418 1458 1547 Jnic matlactli vce capitulo:
764 1514 1474 1620 ytechpa tlatoa, yn cioateutl, ynj
767 1586 1446 1681 toca chalchiuhtli ycue: iehoatl
767 1654 910 1747 yn atl.
779 1736 1443 1855 Teutl ipan machoia: iuhqujn
777 1830 1449 1918 cioatl qujxiptlatiaia, iuh mjtoa
757 1894 1451 1992 ia, qujlmach ynvan pouj, inuel
757 1967 1431 2068 tiuh in tlaloque: ynic mauizti
750 2037 1424 2143 liloia, ynic imacaxoia, ynjc
758 2117 1444 2216 mauhcaittoia, ynjc tlamauhtia,
748 2189 1459 2265 teatoctiaia, teatlanmjctiaia,
