2418 4050
634 51 1154 233 Libro.E
101 266 1243 392 areyto perseuerauan hasta la no
100 377 1231 500 che: puesto el sol, cesauan, y po
103 465 1222 564 njan los captiuos, en vnas casas,
115 534 1252 649 que estauan en los barrios, que
97 616 1270 737 se llaman calpulli: alli los estauā
106 703 1261 810 guardando, los mesmos dueños:
96 774 1247 913 y velauan todos, y hazian velar
112 878 1237 979 alos captiuos: y acerca de la me
101 965 1243 1085 dia noche, yuanse todos los vie
91 1042 1261 1180 jos vezinos de aquel barrio asus
90 1125 1247 1257 casas: llegada, la media no che,
97 1218 1221 1361 los senores de los esclauos, cada
103 1313 1249 1433 vno al suyo cortauanlos, los ca
103 1401 1208 1520 bellos, de la corona de la cabe
102 1481 1249 1606 ça arayz del casco, delante del
96 1582 1243 1712 fuego, y a honrra del fuego: es
107 1660 1195 1812 tos cabellos, guardauan como por
100 1755 1244 1895 reliqujas, y en memoria de su valē
101 1841 1240 1972 tia: atauanlos con vnos hilos colora
111 1929 1216 2070 dos a vnos penachos de oarcotas
95 2026 1231 2174 dos otres. Ala nauajuela, conque
104 2126 1196 2280 cortauan los cabellos, llamauan
99 2226 1204 2382 la vña del cabilan: estos cabella
106 2328 1222 2490 los guardauan en vnas petaquj
100 2424 1218 2545 llas, o cofres, hechos de caña, que
92 2514 1195 2655 llamauan, el cofre de los cabellos.
91 2614 1210 2752 Este cofre opetaca pequenuela
85 2694 1191 2846 lleuauala el señor del captiuo
97 2787 1243 2946 asu casa, y colgauala de las vigas
110 2883 1231 3023 de su casa, en lugar publico: por
105 2975 1198 3162 que fuesse conocido, que auja
107 3074 1184 3206 captiuado en la guerra: todo el
101 3145 1203 3299 tiempo de su vida, le tenja col
89 3242 1196 3440 gado. Despues de auer cortado
111 3329 1191 3479 los cabellos de la coronjlla alos
107 3427 1191 3565 captiuos sus dueños, dormjan
109 3513 1208 3671 vn poco: y los captiuos estauan
95 3586 1200 3738 a mucho recado, porque no hu
111 3694 1196 3840 yessen: en amaneciendo luego
98 3777 1187 3894 ordenauan todos los captiuos de
1459 77 2330 240 delas cerimonjas.
1347 290 2377 441 in in quanepantla, ctichil
1324 394 2385 550 icpatica qujcujtlalpia, asz
1336 524 2391 652 tatl itechca, vme, maxaltic
1330 637 2404 785 auh mjtztli injcqujtequjatl
1330 738 2356 879 tzon: qujtocaiotiaia, itztlo
1330 858 2357 995 tli: i ie quhquj moconcuj
1330 944 2359 1099 que, njmā ic cotema petla
1327 1065 2399 1216 caltonco, itoca: tzonpetlacal
1321 1198 2400 1332 li: i in tzonpetlacalli, qujvi
1324 1299 2366 1429 ca in ynchan tlamanj, aco
1326 1399 2345 1528 qujpiloa, icmonextia inca
1324 1493 2401 1649 tlamanj, icmoqujchitoa, m
1309 1599 2349 1754 chipapilcac calquac, itech
1303 1725 2358 1838 icalquavitl, aie oaltemo:
1302 1827 2392 1967 ixequjch cavitl in mjqujz: auh
1309 1934 2354 2074 motetzoncujoac, oc achi con
1307 2034 2381 2177 cochi, in maleque: vel qujmo
1307 2130 2396 2286 pia, vel qujmjxpia, vel imjs
1286 2247 2407 2394 intequjuh, m macholoti in tla
1294 2332 2401 2492 tlepantla çazque. Auh motla
1293 2472 2380 2616 vic, motla tlalchipaoac, njmo
1294 2586 2358 2723 ieic qujntecpana, tzompatli
1282 2695 2379 2829 ixpan: ach in ie tecpantinro
1288 2816 2353 2937 nj, njman cetlacatl compe
1279 2914 2359 3081 oaltia, qujmonpeoaltia, quj
1272 3039 2368 3167 montigntilinja m oc cequjnti
1285 3146 2385 3285 mjpan, yoan mjamatlatquj,
1296 3256 2369 3408 yjoan maço itilmaçoltzzn con
1281 3360 2359 3520 tlalia quauh xicalço, vncan
1276 3482 2377 3627 tlatla: njman ie ic moctiintin
1276 3597 2380 3765 biatimanj, ommotocatimaszi
1272 3718 2357 3862 i mamalti, conclalitimanj
