2626 4104
547 39 1039 245 Libro.
187 262 1369 388 de comer, y beuer y riquezas. Y el
199 353 1355 489 dicho titlacaoan, era inuisible, y
197 427 1355 539 como escuridad, y ayre: y quan
200 521 1353 628 do parecia, o hablaua, a algun ho
178 610 1360 748 bre, era como sombra, y sabia los
188 694 1362 835 secretos de los hombres, que tenjan
186 792 1342 896 en los coracones: y le aclamauan
181 879 1335 1025 rogando, y diziendole. O dios to
187 974 1321 1079 do poderoso, que days vida alos
174 1064 1337 1204 hombres, que os llamays titlaca
176 1166 1355 1295 oan: hazed me merced, de darme
163 1275 1327 1388 todo lo necessario, para comer
178 1333 1360 1480 y beuer, y gozar de vuestra su
166 1439 1346 1570 aujdad, y delectacion: porque
168 1564 1367 1674 padezco gran trabajo, y necessidad
163 1620 1374 1766 en este mundo: aued mjsexicordia
168 1723 1321 1878 de mj, porque estoy tan pobre, y
151 1825 1324 1978 desnudo: y trabaxo, por os serujr,
162 1919 1329 2064 y por vuestro serujcio, barro, y lim
144 2034 1320 2182 pio, y pongo lumbre, enesta: pobre
145 2136 1329 2276 casa, donde estoy aguardando, lo
140 2223 1337 2380 que me qujsierdes mandar: o ha
142 2325 1323 2445 zedl que luego me muera, yaca
144 2414 1312 2553 be esta vidā, tan trabajosa, y mj
152 2518 1345 2644 serable : paraque descanse, y huel
133 2596 1335 2741 que mj cuerpo. Jmasdezian, que
144 2683 1356 2826 el dicho dios, que se llamaua titla
132 2774 1330 2905 caoan, daua alos biuos, pobreza,
118 2875 1340 3018 y miseria, y enfermedades incura
127 2976 1306 3110 bles, y contagiosas de lepra, y bu
111 3066 1331 3214 bas, y gota, y sarna, y hidrope
130 3196 1318 3318 sia: las quales enfermedades, da
125 3281 1295 3420 ua quando estava enojado, con
115 3386 1308 3515 los que no cumplian, y quebran
110 3485 1293 3618 tauan, el voto, y penitencia, a
123 3572 1296 3715 que se obligauan de ayunar, osi
114 3672 1261 3784 dormjan con sus mugeres, o las
115 3771 1301 3898 mugeres, consus maridos, o amj
114 3859 1210 4016 gos, enel tiempo, del ayuno.
1585 89 1735 258 zq
1447 277 2574 446 quitemaca, in ixquich intetoca
1434 414 2577 593 monequj, innemoalonj, ynia
1427 525 2577 681 lonj, iehoatl tecuiltonoa, ie lua
1427 664 2558 844 tetlamachtia: auh yoan in
1453 803 2572 989 Titlacaoa qujtoaia, amohito
1426 936 2576 1128 nj, caniuhqujn ioalli, ie hecha
1416 1102 2566 1277 in quema aca qujnotzaia, o
1427 1226 2558 1394 niuhquj ceoalli tlatoaia, vel te
1434 1353 2579 1531 itictlamati, mati, cenca tzalz
1434 1504 2573 1659 liloia, tlatlauhtiloia, ilhujloio,
1438 1648 2543 1841 Tloquee, naoaqueie, ipalne
1425 1802 2574 1949 moanje, titlacaoane; xinechil
1420 1930 2572 2107 tlaocolili, maxinechmomaqua
1423 2067 2561 2245 li, in notechmonequj innones
1401 2218 2550 2359 oa, in nochicaoaca, inmotzo
1411 2316 2564 2515 pelica, in maviaca ca iemjla
1399 2511 2535 2659 iovia, ca iemociavi, ie vmpa y
1407 2610 2511 2799 qujça in tlalticpac, maxito
1415 2764 2497 2915 mocnoittili, maxinechmoca
1405 2886 2538 3063 machiti, in njmocnotlacauhii
1405 3038 2566 3217 nitoxonqui, in moaconqui. uh
1399 3180 2524 3325 atle nimjtznochivililia, çanl
1403 3324 2536 3492 tlachvana, ca ntlacujciu, fu
1405 3422 2540 3626 tietlalia, in vncan nimjtznotlo
1386 3572 2578 3752 tolchialia in vncan mocnoclo:
1406 3744 2543 3897 auh manoço cuela xinechio
1392 3823 2557 4040 tlatlatili, xinechomocxipachita,
