2052 2702
176 2 1986 122 Capitulo trigessimo dexto, del combite, que se hazia, por razon de los
200 71 2059 201 bateos, y de la orden del serujcio, y borrachera que passaua. fol. 65.
189 163 1993 259 Capitulo trigessimo septimo, de lo que agora se haze en los bateos,
202 239 1766 333 que es casi lo mjsmo, que antiguamente hazia. fol. 67.
207 299 2022 405 Capitulo trigessimo octauo, del signo. 20. llamado, ce suchitl, y de su bue
203 359 789 467 na fortuna. fol. 70.
184 436 2058 541 Capitulo trigessimo nono, que habla engeneral, de todos los signos. fol. Ju
198 522 2020 639 Capitulo quadragessimo, de las restantes casas, deste signo, y de la ta
196 571 1380 692 bla, y numeros de todos los signos. fol. 74.
200 637 2063 801 Apendiz, del libro quarto en romance, por modo de appologia. fol. 70.
266 761 1679 916 ¶ Sumario de los capitulos del qujnto libro.
199 920 1989 1026 Capitulo primero, del aguero, que tomauan, quando alguno oya de
203 1015 1990 1101 noche, aullar, a alguna bestia fiera: ollorar como vieja: y de lo que de
184 1073 1187 1176 zian los agueros, eneste caso. fol. 1.
196 1105 1993 1247 Capitulo segundo, del aguero indiferente, que tomauan, de oyr can
199 1202 2015 1328 tar, a vn aue, que llaman oacton: y de lo que hazian los mercaderes,
187 1270 1235 1393 que yuan camjno eneste caso. fol. 2.
200 1369 2002 1484 Capitulo tercero, del aguero, que tomauan, quando oyan de noche,
208 1432 1824 1540 algunos golpes, como de qujen esta cortando madera. fol. 4.
186 1526 2010 1615 Capitulo quarto, del mal aguero, que tomauan del canto, del buho aue
187 1582 388 1686 fol. 6
197 1640 1988 1790 Capitulo qujnto, del mal aguero, que tomauan, del chillido de la lechu
182 1729 502 1832 za. fol. 7.
189 1817 1972 1917 Capitulo sexto, del mal aguero, que tomauan, quando vian, que la
194 1900 1975 2017 comadreja, o mostolilla, atrauasaua por delante dellos, quando yuan
189 1941 1121 2053 por el camjno, o por la calle. fol. 8.
185 1976 2030 2152 Capitulo septimo, en que se trata, del mal aguero, que tomauan: quā
197 2085 1587 2167 do vian algun conejo entrar en su casa. fol. ibidem.
57 2101 2041 2225 Capitulo octauo, enq̄se tracta del malaguero q̄ tomauā: qn encotrauan cōvna sauadija q̄u
188 2189 2035 2270 Capitulo nueue, que trata del aguero, que tomauan: quando vn a ci
197 2240 2036 2325 njmalejo, muy hedionda, que se llama epatl, entralla en su casa,  u
198 2288 1243 2395 olian su hedor, en alguna parte. fol. 9.
1949 2313 2033 2407 P
179 2371 2021 2474 Capitulo diez, en que se trata, del aguero, que tomauan, de las hormigas,
197 2433 1291 2521 y ranas, y ratones, encierto caso. fol. 16.
185 2490 1989 2630 Capitulo onre, que trata del aguero, que tomauan: quando de noche
203 2563 994 2662 vian, estantiguas. fol. ibidem.
