2430 3978
382 -1 920 167 Libro. E
81 211 1291 337 cantando, y culebreando, para assirse
75 336 1247 430 hazian vnas roscas, como oujrnlaldas
82 382 1256 531 de cuerdas, o de espadañas, y no se
94 503 1288 637 asian de las manos, sino de las quj:
84 588 1253 712 naldas o roscas: y los esclauos que
100 675 1249 820 aujan de morir, yuan dancan
87 761 1270 903 do, mezclados entre los otros, que
90 871 1276 1007 dancauan, yuan con gran priesa
78 951 1272 1081 saltando, y corriendo, y dan çan
82 1051 1275 1205 dogalopeando, y aceçando: y los
82 1144 1273 1297 viejos de los barrios, yuanlos ha
86 1239 1264 1382 ziendo el son, y cantando: yuā
95 1325 1264 1477 mjrando esta dança, mucha gen
81 1427 1252 1570 te. Los que aujan hecho penjtē
97 1533 1241 1658 cia, nj aujan dormjdo, con sus
88 1639 1253 1771 mugeres, aquellos dias de la pe
87 1721 1263 1863 njtencia, nj rescebido otros rega
86 1819 1266 1972 los ningunos, por reuerencia del
88 1915 1270 2062 ayuno: nj las mugeres aujandor
83 2006 1234 2151 mjdo consus maridos, acabaua
89 2113 1258 2249 estas danças, ala media noche,
76 2223 1237 2353 entonce luego se yuan todos a
97 2301 1220 2448 sus casas: y luego en amanes
94 2391 1207 2508 ciendo, comencauan la fiesta,
82 2495 1282 2635 porque era el postrero dia del mes,
102 2581 1253 2729 entonce yuan los esclauos, que
70 2666 1265 2832 aujan de morir, alas casas de
84 2773 1246 2931 sus amos, a despedirse, y lleua
111 2877 1259 2986 uanlos delante vna escudilla de
95 2972 1258 3109 tinta o de almagre, o de color a
95 3076 1282 3211 cul, yuan assi cantando, con muy
87 3164 1223 3308 alta voz, que parescia, que
94 3264 1240 3414 rumpian el pecho: y en llegan
100 3361 1225 3469 do,ala casa de sus amos, me
89 3444 1232 3552 tran las manos ambas, enla es
106 3535 1217 3650 cudilla, de color, o de tinta, y
60 3628 1208 3776 ponjan las, en los vmbrales de
83 3686 1253 3811 las puertas, y en los postes dela
84 3767 1252 3924 casa de sus amos, y dexauan las
1482 19 2328 198 de las cerimonjas
1340 220 2381 353 nj. Auh mo tlat vic, in vnean
1337 329 2372 508 tlacempoalti, in ie veliquac
1333 440 2390 618 ilhujtl: njman ie icvi intla
1340 585 2393 725 altilti, moca calnaoatizque.
1345 690 2367 856 qujnpatilca tlilli, aço texo
1338 806 2361 980 tli, anoço tlavitl: auh mj
1339 910 2385 1082 quac ievi mocacalnaoatiz
1334 1041 2375 1196 que, cujcativi, iuhqujn no
1333 1119 2384 1329 in tozqujtzatzaianj, omachi
1339 1273 2362 1430 çaoacaque; monacique in
1329 1393 2380 1544 chan taaltique, njma cona
1314 1490 2383 1671 quja i imma texotitlan a
1333 1587 2379 1767 noço tliltitlan, anoço tlauh
1335 1724 2377 1888 titlan: njman ieic comma
1338 1807 2399 1989 mana tlaquetzaltitech, yoā
1345 1930 2385 2090 tlaixquatl itach, izqujcā quj
1331 2045 2386 2200 ca i inchachan tealtique,
1326 2149 2394 2313 Auhi mjzqujcan onqujzquj
1353 2260 2390 2401 mi oaniolcaoacan: njmā
1332 2367 2393 2547 ieic no ceppa vi in inchacia
1334 2486 2380 2656 mnen qujntlamaca, mo
1330 2585 2376 2775 qujntin oc ontlagua:; auti
1340 2740 2374 2906 iequjntin aoemo claqua
1335 2842 2387 3037 Auh mj accac in, ieic onocri
1335 2948 2371 3132 tetlauhtilli, iequjchixtoc
1335 3106 2381 3253 in tilmatli, in maxtlatl, ti
1335 3210 2402 3364 vipilli, i cueitl: auh mn onia
1327 3327 2383 3505 tatecac, tatlauh tilli, njjico
1329 3441 2387 3618 ie ic mochichioa in tlaaltili
1333 3561 2387 3765 commomamaltia in imjā,
1340 3708 2371 3875 çan monomaviam muchi
