2480 3668
1094 -3 1291 142 de los
175 92 1205 260 no podia: porque luxego desapare.
166 224 1234 358 cia: y tornaua aparecer en otra par
163 315 1230 460 te, luego alli iunto: y si otra vez pro
146 405 1253 537 uaua a tomar la, escabulliase: y todas
143 498 1206 628 las vezes que prouaua, se quedaua
140 622 1207 722 burtado: y anli dexaua de porfiar.
80 2372 1162 2533 O tramanera de fantasma, apa
98 2501 1170 2635 recia de noche: y era como vna cala
79 2581 1155 2682 berna de muerto. Aparecia de noche
66 2679 1155 2802 de repente a alguno, o a algunos: iu
85 2769 1126 2922 ego le saltaua sobre la pantoreilla
66 2870 1152 2987 o de tras del, yua haziendo vn ruydo:
67 2959 1128 3083 como calaberna que yva saltando:
49 3051 1147 3195 El que oya esteruydo: hechaua. lue
54 3164 1138 3301 go a huyr de mjedo.: Y li poruentu
52 3271 1121 3438 ra separaua aquel, tras qujen yua
1322 -1 1617 153 agueros.
2233 43 2370 155 fo. 13
1319 115 2374 290 anoço itla ipan ie muchioaz: auh y
1312 230 2371 363 tlacanoço tlei, çan conmamauhtia:
1307 335 2406 494 auh injc ittoia, iuhqujn civapiltontli
1304 446 2376 628 çan vel tepiton, civapiltepiton: amo
1303 583 2408 736 achi quauhtic: çan cacapanton, cha
1282 717 2365 860 chapaton, tzapaton, cujtlapachton
1279 853 2400 995 tzonqueme, tzotzonqueme, tzotzoquen
1278 981 2367 1135 pile: vel icujtlacaxiuhian vetzi, inj
1270 1143 2363 1297 tzon, in jtzonquen: auh injc nene
1269 1273 2338 1441 mj çan tlalli ixco onotiuh, pepe
1270 1420 2341 1578 iocatiuh, amovel cana in qujmot
1270 1548 2396 1680 titia: in tlaiequjtoca çan ixpan om
1276 1665 2356 1833 polivi, çanjc qujqueloa: ienececnj,
1273 1826 2339 1984 invalmonextia: vmpa qujtoca in
1273 1961 2288 2100 canaznequj ompoliuhtiuh: çan
1251 2080 2338 2238 iuhcommauhcacaoa, conciauhca
1245 2230 2040 2352 oa, ommonenencoa
1267 2365 2298 2547 Can ienoiuhquj intronteco
1253 2520 2296 2658 matl, nomoteittitia in iooaltica:
1249 2664 2304 2798 in aqujn qujmottitia canjc quj
1253 2768 2307 2933 machitia, amo inemachpan
1221 2906 2340 3075 mnjcotzco choloa: anoce icam
1237 3039 2298 3251 pa, concaquj chachalcativitz,
1221 3186 2339 3366 in qujualtoca: ic ixpampa iehoa,
1236 3322 2367 3523 icampa chachalcatiuh in qujtoca.
