2692 4188
1088 175 1600 407 Prologo.
108 709 243 890 l
211 573 2707 981 oducos por casra feprer sdias nj rana el carejno degus onesa
149 921 2704 1053 tar, de la theologia fabulosa de los gentiles, enel sexto libro de la ciue
142 995 2672 1178 de Dios. Porque como el dize: conocidas las fabulas y ficciones vu
151 1100 2678 1267 que los gentilos, tenjan cerca de sus dioses fingidos padiesen facilis,
153 1204 2654 1367 dar les aenfender, que aquellos no era dioses, nj padian dar cosc
145 1296 2668 1483 guna que fuesse prouechosa ala criatura racional. A este propo dils.
133 1425 2651 1582 este tercero libro, se pone las fabulas, y ficciones que estos naturales tenja,
125 1521 2652 1660 ca desus dioses, porque en tendidas las vanjdades: que ellos tonjan por
132 1595 2649 1775 cerca de sus metirosos dioses: vengan mas facilmēte, por la doctrina eua
136 1681 2654 1859 lica, aconocer el verdadero dios: y que aquellos, que ellos tenjan por diss
134 1783 2654 1986 no erandioses, smo diablos mentirosos, y en gañadores. Y si alguno pios
129 1899 2650 2063 que estas cosas, estan tan olujdadas, y perdidas: y la fe de vn dios, las
116 2001 2658 2164 tada, y arraygada, entre estos naturales: que no aura necesidad en njd
129 2100 2647 2220 tiempo, de hablar en estas cosas: al tal, yo le exeo piadosamente, peros
114 2193 2649 2368 ciexto: que el diablo njduerme, nj esta olujdado de la honrra, que les
117 2302 2654 2478 estos naturales, y que esta esperando coyuntura, para si podiesse eu
125 2393 2636 2570 al señorio que atenjdo: y facilcosa le sera para en tonce despertas
25 2475 2626 2679 l las cosas, que se dizen estar olujdadas, cerca de la ydolatria. y para di
84 2593 2604 2756 ces bien es, que tengamos armas guardadas, para salir le al encuesi
110 2651 2566 2846 ypara esto, no solamēte aprouechara, loque esta escrito en este te
107 2770 2546 2944 libro: poro lambien lo que esta escrito, en el primero, y segundo,
90 2887 2611 3057 to, y qujnto. Ni tan poco aura oportunjdad, para que sus satelgo
98 2969 2647 3192 tonce, engañen alos fieles, y alos predicadores, codorar, con meui
86 3082 2636 3269 ydisimulationes, las vanjdades, y bajezes que tenjan cerca de la
85 3186 2638 3386 dioses, y su cultura; porque parecera las verdades, puras jl mz
58 3273 2636 3466 qde claran, qujen es era sus dioses, y que serujcios de mand auās
94 3372 1950 3582 gun se contienen, en los libros arriba dichos,
1042 3691 1720 3903 findel prologo.
