2594 4156
535 96 973 285 Libro.
47 332 1198 460 esos camjnos, aque dora va
37 418 1204 582 is. et at Y por eso, no es me
31 514 1267 670 nester alargar nos enpalabras:
48 622 1208 773 esto hijo mjo os emos dicho
54 743 1196 892 con breuedad: yd os en par
56 863 1192 997 a hazer vuestro oficio, y es
56 981 1224 1092 forcaos. En aujendo acabā
55 1065 1203 1184 do de hablar los vieios: el
68 1167 1291 1292 mancebo respondia breueuan
65 1268 1249 1425 te, diziendo. En mexcad ten
65 1376 1271 1547 go señores, la consolacion que
61 1474 1236 1615 se me adado: sin sergo dig
66 1612 1221 1753 no della, aueys hecho como pa
81 1718 1238 1892 dres, y madres: y como si fue
63 1841 1272 2026 ra salido de vuestras entrañas,
77 1945 1281 2162 aueys os desentranado comjgo,
87 2069 1257 2256 aueys me dicho palabras saca
80 2212 1303 2366 das del tesoro, que teneys guar
88 2349 1297 2487 dado, en vuestro coraçon: que
75 2468 1277 2598 son preciosas, como. oro, y pie
92 2613 1255 2759 dras preciosas, y plumas ricas.
117 2713 1322 2878 Y por tal es las recibo, y estimo:
108 2824 1286 2968 no me olujdare destas palabras,
118 2946 1316 3098 tan preciosas: en mj coraçon, y mjs
108 3029 1287 3191 entrañas: yo las lleuare a tesora
117 3145 1306 3316 dlas. Loque os ruego, es: que en
113 3253 1319 3385 mj aus encia: no aya falta en mj
102 3360 1315 3537 casa de qujen barra, y haga fue
131 3467 1331 3630 oo, en ella queda mi padre, o ma
116 3579 1330 3753 dre, o mj hermana, o mj tia: rue
113 3712 1323 3866 go os que tengais carpbado fauo
125 3818 1344 3964 reçer los: para que nadie les haga
1479 113 1614 274 A.
1298 252 2471 413 qujmonnoxiccaujli, maxiqujmon:
1290 385 2481 514 notztiuh; mjc contecujlizque in xaca
1301 466 2487 614 tzintli, mpepatzintli: ioanmjc conte
1292 581 2427 712 tlalilizque, in teicpaltzin, in campa
1284 651 2521 807 neceujloian, catolixqujcho, motiqujn
1288 731 2447 909 macaque intihio, itotlatol, miiti
1298 823 2502 1041 qujitlacaoapaoaia, in quauhtlaca,
1305 944 2500 1110 i cacatlaça, mpuetteca mjaque et.
1315 1021 2473 1228 caaocmo monequj in quexqujchti:
1303 1142 2491 1339 mjtzcaqujtizque, caçanjcan achitzin
1321 1249 2486 1434 ic timjtzonchicaoa: maiocuecca itlā
1321 1344 2503 1528 xonmaqujlti in tlaihiioviliztli, ma
1322 1457 2479 1638 ixqujchmotlapaltzin, tleticmoma:
1316 1545 2488 1753 chitia nopiltze: mjquac otlatlauh
1323 1661 2462 1848 tiloc, njman no ic cencamatzintli.
1320 1766 2491 1944 ic tlacuepa, ic tlananqujlia, qujtoa
1345 1866 2486 2062 Jannechmocnelilique moceloqujch
1335 1991 2489 2156 tle: otlacauhquj mamoiollotzin, ac
1350 2102 2463 2235 Tetoatl, acnjnomati; mn njean cen
1340 2187 2473 2337 camatzintli njqujcnopiltiuja, yn
1342 2311 2474 2448 amotechicaoaliztzin, i omotenan
1347 2390 2500 2554 iotzin, amotetaiotzin, cmocontlapos
1345 2517 2492 2641 inamoxillantzinco, amotozcatlantzin
1357 2638 2497 2769 cos actica, i expouhtoc, in cepoatoc, in
1369 2721 2508 2847 cuelpachiuhcoc, in iuhquj quetzalli fi
1375 2834 2510 2977 vel vitolcuhquj, in veliaque, auh an
1362 2940 2500 3104 iuhquj et al ecaujtl mololiuhquj, in
1373 3058 2497 3207 vel petlaoac, muhquj teoxiujtl, in
1368 3163 2526 3307 ttamatilolli, muel cuecuecoen, cecana
1369 3290 2490 3427 nameehonnotlaxililiz, caio notiaa
1371 3384 2537 3528 p aitiuh, noxillan, notozcatlan onal
1372 3494 2537 3641 tiuh, noiollo ctlan onietiuti, in amo
1374 3612 2539 3756 naçotzin, i amotaiotzin, in amono
1389 3713 2525 3876 anqujmaxcaujlique. Et a fiuh in
1386 3806 2539 3947 m canamechonnoclatlauhtilia, que
