1540 2394
159 48 488 161 Capitulo. 12.
18 168 720 241 que segun dezian: las mugeres, y hom
28 230 710 307 bres carnales: confessauan sus pecados,
32 269 722 349 aestas diosas: quanto qujera, que fuessē
27 319 714 398 torpes, y suzias: que ellas, los perdona
29 371 718 450 uan. Tambien dezian, que esta diosa,
22 437 711 504 o diosas: tenjan poder, para prouocar,
26 468 730 554 o luxurja: y para inspirar, cosas carna
19 529 715 592 les: y para fauorecer, los torpes amo
29 571 729 657 res: y despues de hechos los pecados, de
17 621 733 699 zian, que tenjan tambien poder, para
20 678 725 765 perdonarlos, y alimpiar dellos, perdo
24 728 720 818 ndandolos: si los confessaban, a los sus sa
27 796 722 879 trapas: que eran los adiujnos, que tie
25 840 733 920 nen los libros, de las adiujnanças: y de
23 906 723 985 las venturas, de los que nacen: y de las
22 958 716 1043 hechizerias, y agueros: y de las traditio
25 1020 705 1102 nes, de los antiguos, que vinjeron de
32 1062 718 1141 mano en mano, hasta aellos. Pues des
30 1124 716 1202 que el penjtente, determjnaua dese co
35 1174 705 1263 fessar: yua luego abuscar a alguno
36 1222 725 1314 de los ya dichos: delante qujen se solian
34 1282 728 1362 confessar, y deziale. Señor querriame,
34 1350 715 1414 llegar, adios todo poderoso, y que es am
25 1393 714 1466 parador de todos: el qual se llama, ioa
35 1441 728 1522 lli, ehecatl: este es, tezcatlipuca, querrja
29 1492 710 1567 hablar en secreto, mjs pecados. Oydo es
26 1555 715 1618 to, el satrapa deziale: seas ayas muy
31 1599 706 1681 bien venjdo hijo: que lo que dezis, que
35 1655 685 1732 quereys hazer, para vuestro bien, y
39 1697 720 1776 prouecho es. Dicho esto, miraua lue
26 1749 702 1832 go, el libro, de las adiujnanças: que si
43 1802 723 1884 llamaua, tonal amatl, para por el sa
24 1850 730 1931 ber: que dia seria, mas oportuno, para
23 1902 711 1974 aquella obra. Y aujendo visto, el dia q̄
24 1956 714 2030 conuenja: deziale para tal dia vendre
15 2003 727 2091 ys: porque entoce, reyna buen signo: pa
34 2065 707 2143 raque, esto se haga, prosperamente. lle
30 2106 711 2178 gado el dia, que le auja mandado, que
29 2151 700 2226 bolujesse el penitente: compraua vn
27 2205 725 2282 petate nueuo, yencienso blanco: que lla
826 54 1224 157 de tlaçul teutl:
1370 75 1491 155 fo. 2
778 173 1477 280 tlaçulteteu. Auh ynjc motocaiotia
772 241 1477 356 tlahelquanj: qujl ipampa, imixpā
770 332 1470 416 mjtoa, imjxpan mopoa, yn jxquj
775 391 1474 493 ch nequalli: iixpan mjtoa, mome
768 460 1492 578 laoa, yn jxqujch tlahellachioalli:
768 549 1483 634 immanel cenca, temamauhti, im
763 617 1471 726 manel cenca oujh: atle mopina
768 681 1484 785 vizcaoa, vel muchi, iixpan neci,
766 755 1473 870 ixpan mjtoa. Neiolmelaoaliztli.
775 834 1483 957 Qujlmach in tlaçulli, in teuhtli, in
760 897 1490 1020 aujlnemjliziotl: iehoatl qujtemaca,
759 979 1478 1096 ic temotla, ic tehipitza in tlaçul
773 1051 1464 1151 teutl. Auh can no iehoatl, quj
761 1106 1442 1218 tepolhuja: iehoatl chico, tlana
753 1182 1440 1314 oac qujujca, qujteca: iehoatl,
760 1266 1448 1405 tepapaca, tehaltia: iehoatl imac
764 1351 1479 1459 manj ym matlalatl, in toxpalatl.
757 1426 1445 1541 Auh injc qujtepopolhuja, ynjc
764 1505 1476 1605 chico, tlanaoac, qujujca, qujteca:
758 1575 1475 1666 iixpan neiolcujtilo, iixpan neiol
753 1649 1477 1757 melaoalo, yn tlaçulteutl, iixpā
753 1715 1461 1821 mopoa, mjhtoa, in tetlachioal.
749 1785 1474 1911 Auh iix, ynacaz, ytlacaccauh
761 1878 1441 1976 muchioa, in tlapouhquj, in tla
756 1939 1454 2048 matinj, yn jmac manj, yn a
754 2020 1479 2121 muxtli, yn tlacujlolli: in qujpia
754 2080 1462 2180 yn tlilli, yn tlapalli, yn matile
745 2174 1448 2258 yn piale, yn nonotzale, yn oquj
