2704 4138
180 2 734 171 de la fiesta:
66 204 1277 391 Capitulo festo, de la fiesta, que
72 348 1261 475 se hazian en las tralendas, del
56 468 1243 623 qujnto mes, que se llamaua
55 602 399 739 Toxcatl.
67 1050 1231 1213 Al qujnto mes, llamauan toxcatl:
70 1199 1246 1314 en este mes hazian fiesta, y pascua
78 1284 1245 1422 a honrra del principal dios llama
72 1389 1238 1530 do Tezcatlipuca: y por otro nombre
70 1513 1237 1677 titlacaoan, y por otro iautl, y por
66 1611 1252 1789 otro telpuchtli, y por otro tlamatzin
78 1742 1271 1896 catl. E nesta fiesta matauan, vn
73 1869 1237 2004 mancebo, muy acabado en disposi
78 1973 1216 2132 cion: al qual aujan criado, por
75 2099 1240 2254 espacio de vn año, en deleytes: de
72 2222 1241 2369 zian, que era la ymagen de tezca
80 2334 1235 2460 tlipuca: en matando el mancē
101 2443 1243 2601 bo, que estaua de vn ano criado,
78 2558 1243 2738 luego ponjan otro en su lugar, pa
79 2670 1262 2837 ra criarle, por espacio de vn año:
57 2779 1217 2956 y destos tenjan muchos guardados
65 2883 1228 3067 paraque luego succe diessen otro,
75 3036 1212 3186 al que auja muerto: escogian los
78 3153 1208 3296 entre todos los captiuos, los mas
56 3273 1250 3430 gentiles hombres: y tenjan los guar
53 3373 1268 3526 dados, los calpixques, ponjan gran
58 3470 1245 3644 diligencia, enque fuessen, losmas
48 3600 1251 3748 habiles, y mas bien dispuestos, que
47 3709 1253 3858 se pudiesen auer, y sin tacha nin
55 3801 551 3927 guna corporal.
1637 13 2061 171 Toxcatl.
2374 54 2601 188 fo. 30.
1348 177 2508 384 Jnic chiquacen capitulo, y
1350 352 2504 513 techpa tlatoa, yn ilhujtl: yoā
1353 462 2522 595 in nextlaoalli in muchioaia,
1338 579 2526 756 yn ipan ic cemjlhujtl, ic ma
1350 708 2519 876 cujlli metztli: in mitoaia, tox
1343 864 1491 985 catl.
1359 1013 2548 1195 Inipanin toxcatl, vel yuei ilhujuh
1345 1151 2508 1285 catca in tezcatlipuca: vnçan tla
1338 1269 2511 1392 catia, vncan moquetzaia: ipam
1347 1348 2530 1493 pa ca vncan miquja, yn jxiptla
1339 1450 2501 1588 in cexiuhtica onen. Yoan iquac
1347 1575 2524 1693 njman noce vncan mixquetzaia
1356 1658 2499 1793 yxiptla, yn oc nocexiuhtica ne
1345 1783 2516 1909 miz: ca miequjntin in nemja, te
1340 1889 2522 2024 ixiptlaoan in quinpia, in qujn
1326 1987 2492 2104 nemjtiaia cacalpixque: aço que
1336 2089 2530 2227 matlactli in nemj: y iehoantin y,
1338 2200 2521 2333 camamalti, tlaqujxtilti qujxtilo
1337 2300 2550 2452 ia, yn iquac oalaxitiloia mamal
1341 2399 2518 2534 ti, vncan pepenaloia, intla aca
1344 2526 2493 2673 ce oqualittoc, in qualli yn acaio:
1332 2636 2533 2789 njman onano, qujmonpialtiaia
1347 2752 2506 2891 in calpixque: auh ie ce ipan quj
1344 2858 2438 3012 oalixquetzaia tlacotli, iehoatl
1328 2983 2527 3132 qujmictia in tlamanj: ca iehoatl
1336 3100 2512 3252 ic pepenalo, in qualli itlachieliz,
1321 3213 2528 3347 in mjmatquj, in mjmatinj, inchi
1337 3326 2470 3462 paoac yn acaio, cujllotic, acatic,
1333 3436 2504 3574 piaztic, iuhqujn otlatl, ipanoca
1313 3546 2520 3671 temjmjltic, amo tlacacolnacaio,
1327 3667 2517 3787 amo tomaoac, amono tetepiton
1317 3798 2529 3901 amono cenca quauhtic: cayiaio
