1944 2698
105 -3 1850 121 Capitulo decimo octauo, de otro razonamjento, que los mercaderes vie
95 129 1917 213 jos, hazen a los que ya otras vezes aujan ydo lexos, a mercadear. fol. 40.
95 187 1842 275 Capitulo decimo nono, de las cerimonjas, o plegarias que hazian los
96 235 1243 339 que udauan por los que yuan. fol. 42.
90 337 1708 453 Capitulo vigessimo, de las demas casas deste signo. fol. 44.
95 400 1832 549 Capitulo vigessimo primo, del decimo signo llamado ce tecpatl, y de
89 450 915 569 su prospera fortuna. fol. 46.
81 532 1832 663 Capitulo vigessimo segundo, del vndecimo signo, llamado ce oçuma
96 590 1099 710 tli: y de su buena fortuna. fol. 47.
85 671 1844 803 Capitulo vigessimo tercio, del duodecimo signo, llamado ce cuetzpali.
86 752 943 844 y de su buena fortuna. fol. 49.
92 796 1808 972 Capitulo vigessimo quarto, del signo. 13. llamado ce vllin y de su indi
90 874 771 969 ferente fortuna, ibidem.
89 950 1809 1103 Capitulo vigessimo qujnto, del decimo quarto signo, llamado ce itz
92 1018 1221 1139 cujntli, y de su prospera ventura. fol. 50.
89 1085 1799 1225 Capitulo vigessimo sexto, de como en este signo, los señores, o reyes,
85 1151 1623 1281 se aparejauan, para dar guerra, asus enemigos. fol. 51.
97 1227 1811 1359 Capitulo vigessimo septimo, del decimo qujnto signo, llamado ce ca
87 1298 1238 1379 lli, y de su muy aduersa fortuna. fol. 52.
87 1372 1815 1517 Capitulo vigessimo octauo, de las condiciones de las mugeres, que
86 1435 916 1537 nacian en este signo. fol. 54.
1026 1475 1157 1543 sexto,
78 1486 1792 1624 Capitulo vigessimo nono, del decimo  signo. llamado, ce cozca
85 1576 1209 1660 quauhtli, y de su buena fortuna. fol. 55.
92 1647 1785 1748 Capitulo trigessimpro, del signo decimo septimo, llamado ceatl: y
86 1709 1024 1814 de su de sastrada fortuna. fol. 56.
89 1784 1789 1876 Capitulo trigessimo primro, del signo. 18. llamado ce hecatl: y de sus
82 1855 637 1970 desgratias. fol. 57.
86 1921 1838 2043 Capitulo trigessimo segundo, de los lloros, y lastimas, que hazian aque
87 2015 1805 2102 llos, a qujen robauan los nigromanticos, y de las demas casas deste
87 2073 498 2182 signo. fol. 59.
84 2189 1825 2289 Capitulo trigessimo tercio, del decimo nono signo: llamado ce quauh
78 2229 1066 2343 tli, y de su aduersa fortuna. fol. 60.
92 2322 1840 2408 Capitulo trigessimo quarto, de la supersticion, que vsauan los que yuā
86 2381 1030 2478 a visitar, la rezien parida. fol. 62.
80 2439 1805 2551 Capitulo trigessimo qujnto, de las cerimonjas, que hazian, quando bap
77 2509 843 2617 tizauan la criatura. fol. 63.
