2660 4076
1079 64 1505 245 Apendiz.
1346 214 2560 380 maztli mjtzicximjmjctiz in jquac in
54 222 1232 389 podrian huyr, y que caerian en
1346 348 2510 490 tlatiaz iavc, qujlhuja: ciocmovel ne
72 341 1250 485 manos de sus enemigos: y por esso
1331 453 2587 583 tiemjz, aiocmovel motlaloz iniaupan.
60 441 1270 626 los padres, y madres, prohibian asus
1356 558 2519 704 çayxximjmjquiz, iciuhca yn mac
68 572 1202 740 hijos: que no pusiessen los pies so
1342 666 2519 814 vetziz in jniaovan: ynjc qujntla
54 687 1095 879 bre el tenamaztli, otrebedes.
1353 768 2519 922 caoaltiaia in jntelpuchoan: innj
1338 863 2510 1029 can tlaca, injc amo yuh inpan
1356 997 1758 1142 muchioaz.
1358 1128 2524 1324 Injcmatlactli onnavicapi
91 1148 1226 1346 Capitulo dezimoquarto,
1351 1293 2519 1474 tulo, ytechpa tlatoa yn comal
72 1280 1257 1470 de tortilla que dobla enel cō
72 1429 420 1583 mal
1334 1419 2501 1623 co mocuelpochoa tlaxcalli:
84 1574 1249 1792 Tenjan otra abusion, dezian: que
1367 1601 2502 1811 Injquac tlaxçaloa incioa, intla
84 1744 1293 1896 quando se doblaua la tortilla, hechan
1366 1756 2512 1874 ocuelpachiuh itlaxcal: no vncat
74 1854 1250 1989 dola enel comal, para cozer se: era
1347 1859 2516 1993 ca in netlapololtiliz, qujtoa: aqujn
1349 1952 2501 2070 ievitz oqujoaltiliccac: auh in anoce
85 1947 1224 2105 senal que alguno venja a aquella
1344 2052 2484 2199 yoqujchvi, in canapa veca oya, quj
86 2039 1225 2215 caja, oque el marido de aquella
1341 2153 2510 2304 toaia: cayehujtz, ca oqujoaltilicçac
77 2165 1227 2319 muger, que cozia el pan: si era
74 2257 1261 2430 ydo fuera venja ya, y auja coceaido
1346 2264 1929 2460 yn no tlaxcal.
528 2356 561 2432 c
72 2388 845 2530 la tortilla porse doblo.
1340 2503 2598 2701 Injc caxtolli capitulo, ytech
74 2538 1222 2731 Capitulo qujnze, del la
1316 2669 2581 2859 pa tlatoa yn pipiltotontiqujx
63 2690 764 2853 mer el metlatl
1341 2805 2008 2956 paloa metlatl.
1341 2958 2534 3156 Jniquac pipiltotonti qujxpapa
82 2991 1257 3154 Otra abusion tenjan, dezian: que
78 3116 1205 3260 elque la mjesse lapiedra, enque
1342 3143 2537 3265 loa metlatl: ycteaoaia, yc qujma
1329 3217 2500 3365 oaia, yc qujntlacaoaltiaia inte
60 3212 1229 3381 muelen, que sellama metlatl:
1329 3320 2516 3461 nanoan yn inpilhoan, qujmjlhuj
61 3319 1230 3482 sele caerian presto los dientes,
1325 3415 2480 3569 aia: macamo xicpapalocan in
74 3415 1249 3605 y muelas. Y por esto los padres
1340 3504 2602 3660 metlatl, yc iciuhca cocotonjz, yciuh
61 3580 1274 3742 y madres, prohibian a sus hijos:
1342 3625 2537 3764 ca vevetziz in amotlan. Ipampa
69 3696 1233 3867 que no lamjessen los metates,
1336 3734 2594 3860 yn, cenca qujmjmaçaxiltiaia in pi
1324 3812 2624 3957 piltotonti: injc amo iuh ynpan muchioa
