2624 4140
681 76 1169 284 Libro.
65 299 1254 475 cauan todos los ornamentos
78 431 1225 607 Y tendian los delante della
80 532 1265 715 in censauan la: los ornamen
84 628 1272 788 tos eran de plumas ricas: vno
74 718 1254 899 se llamaua quetzalquemjtl,
96 865 1292 1033 que qujexe dezir: capa de que
91 958 1284 1128 tzales verdes, y resplandeciētes:
120 1080 1258 1232 otro se llamaua xiuhtotoque
113 1188 1260 1362 mjtl, que qujere dezir. capa
121 1279 1269 1500 deplumas azules, y resplande
120 1403 1264 1587 cientes: otro se llamaua toz
118 1521 1277 1720 quemjtl, que qujere dezir: ca
129 1667 1256 1828 pa de plumas amarillas, y res
129 1782 1288 1947 plandecientes: Otro se llamaua
130 1887 1292 2058 vitzitzilquentl, que qujere de
120 2011 1275 2177 zir: capa hecha deplumas xes
137 2128 1282 2298 plandecientes, de cinzones: y o
132 2243 1322 2418 tras muchas capas, no tan pre
138 2325 1325 2508 ciosas: como las ya dichas, Todas
156 2452 1327 2630 estas capas: tendian sobre man
145 2582 1291 2716 tas ricas al sol, delante la y
147 2675 1279 2857 magen: todo vndia. Y aesto
155 2771 1315 2969 dezian: que calentauan jo aso
147 2890 1350 3046 leauan: y ofrecian le, ge lante
171 3031 1326 3184 comjdas preciosas, de muchas
154 3122 1330 3285 maneras: asi los principales,
174 3221 1343 3396 como la gente comun. I des
167 3352 1381 3542 pues de vn poco las apartauan.
179 3445 1332 3648 y los mjnistros de aquella ygle:
153 3571 1337 3720 sia, las diujdian entre si, y las
173 3680 1356 3830 comjan todos iuntamente: aquel
174 3778 1343 3958 los que eran mjnjstros de vihzi
1569 80 1766 303 q
1332 261 2518 448 much ixpan qujtequjliaia, qujtoto,
1326 375 2487 562 njaua, qujtlenamaqujliaia qujtlaco
1328 492 2455 660 tonjliaia, mmoteueoa quetzalque
1346 597 2528 774 mjtl, xiuhitotoquemjtl, tlautquechol
1339 680 2526 892 quemjtl, tozquemjtl, vitzitzilquemjtl,
1337 788 2532 992 auh caqujtoqujlia, qujtzacuja, maoc
1328 901 2528 1083 mocenca tlaco ivitl, in uhquj aztaque
1348 992 2539 1180 mjtl, tzamaquemjtl: muchi nononqua
1355 1128 2546 1328 qujtecaia, qujtlatlamantilia, qujcue
1361 1230 2515 1426 cuentilia, qujvivipana. Etā auli mu
1349 1327 2551 1508 chie in tlaçotilmath ipanqujtecaia,
1375 1453 2559 1631 vncan comjlhiujtia: iehoatl mjc mjtoa,
1337 1576 2554 1777 qujtlatotonjlia in vitzilopuchtli, ioan
1382 1700 2537 1842 vncan tlamanaloia, vncan qujtecaca
1367 1820 2520 1984 mjxqujeh ventli; m moteneoa tlaca
1376 1921 2545 2065 tlaqualli: ioan mjxqujch iectli, in tla
1382 2036 2528 2183 chichioalli tlaqualli, itlatocan oal
1370 2135 2549 2300 qujçaia: ioan in can calla, maceoalpa
1370 2253 2545 2395 oaleoaia, oalqujcaia: auh can achito
1391 2322 2554 2508 ca, in vnean vnmanj, vncan onoc, yn
1395 2464 2560 2622 can onmoteca: njman ic qujquanjh,
1391 2580 2559 2727 canic concujtimanj, icconjquanjtimo
1404 2690 2572 2840 nj, intechpovi in calpul veuetque, tu.
1404 2811 2552 2955 moxexeltiujo, qujmomamaca, queeez
1407 2883 2581 3084 qujcan qujmjquanjlia, vn ce tlamj,ta
1402 2990 2542 3174 iac ixcauj, muçarti acatl itechaci, in
1415 3080 2559 3279 vn çan tlamaçeuhque, in mocexiuh
1424 3214 2535 3391 cauhque, mjtechmjtotinemj, i quj
1426 3300 2597 3520 neçaujlia itzilopuchtli: auh in lllo.
1415 3427 2527 3638 tecuçoma mjxqujch tlaçoxochitl,
1418 3551 2628 3722 m nepapan xochitl, in veuc, in anjrjac
1438 3667 2588 3841 yncan qujmana in iolloxochitl, in elo
