2616 4080
334 45 841 210 dela arte,
42 261 1197 400 andado por los pueblos: donde
33 382 1240 492 agora quereys yr otravez: no sa
28 476 1202 593 vemos loque sucadera, no sa
26 583 1207 690 bemos si os veremos mas, nj
25 678 1215 832 sabeiso si nos vereis mas: por
40 796 1190 959 uentura alla se os acabara
28 875 1214 1039 la vida, en alguno de esos pue
25 1001 1198 1173 blos, y de esos camjnos: acor
23 1105 1248 1272 dar os eys, qualqujera cosa que
35 1204 1244 1369 os acontezca de los aujsos, y la
44 1319 1212 1500 grimas de nosoteos vuestros
55 1417 1216 1584 padres, que os amamos: como
44 1525 1239 1701 a hijo, deseamos merecer de
58 1624 1205 1811 gozar de vuestra buelta, y de
76 1750 1205 1919 veros aca con salud, y prospē
60 1874 1246 2027 ridad. Agora hijo esforçaos:
48 1994 1237 2146 y yd en hora buena, en vues
59 2090 1246 2222 tro camjno: bien sabemos que
50 2206 1243 2324 no os ande faltar trabajos, que
64 2324 1244 2459 el camjno de suyo es trabajoso,
46 2422 1249 2576 y fatigoso: tened cuydado de
67 2515 1250 2682 los que van con vos: no los de
65 2645 1208 2797 xeis, nj desampareis, nj os
76 2742 1210 2913 aparteis de su compañja: te
72 2854 1242 3027 naldos, y trataldos como a hex
81 2948 1218 3113 manos menores aujsaldos en
73 3055 1200 3217 loque ande hazer: quando
73 3179 1222 3344 llegardes, a los descansaderos,
73 3283 1235 3459 paraque, cojan heno, y hagan
88 3395 1216 3546 asentaderos: paraque se asien
84 3502 1219 3666 ten los mas viejos : ya emos
86 3613 1217 3762 aujsado a esos vuestros com
78 3668 1255 3840 paneros, que no an ydo otra
92 3773 1214 3982 vez, a mercadear, y andax
1345 30 2111 232 adiujnatoria,
2333 72 2565 211 tiix?.
1293 248 2491 390 tontlachixtica, ie mjxtlalopan, iemjx
1296 365 2491 508 nentla, ie mjxonjcac, in vmpa ton
1299 474 2500 602 tlamatiznequj, muihcan in quauh
1291 580 2500 722 tla, çacatta, maoacan, intepeoaca,
1282 665 2486 823 aocmotle ic tontlapolotiaz, aoctle ic
1296 804 2466 922 tonjxmamauhtiaz, tonjxmjmjc
1299 905 2493 1050 tiaz, aoctle mjtztzicololtiz, aoctla mj
1307 1031 2481 1162 tzixtilquetzaz: ca ienoviian tonjtzti
1305 1123 2491 1255 ca, in iuticam in tlacecoquan, intlaco
1302 1242 2487 1373 tia in oztomeca: ca amo tecmati, ano
1305 1345 2486 1459 co ie ce cen mjtzixcaoa, mmonaoan,
1312 1450 2481 1586 m motaoan, açoieic centiauh, açoie
1305 1556 2527 1685 coma tonuetzitiuti, açocana atlauhtli,
1311 1669 2461 1832 intlaoatl itic timaqujltitoz, timo
1302 1788 2476 1936 popoliujtitoz, acoçana tictlantoz m
1298 1879 2459 2054 altepetl, acoie conmanian mjxco
1311 1984 2482 2117 mocpac ontlatlachia, cateliuhquj
1307 2085 2510 2231 macttiuti in moiollo, camo iollo itlan
1296 2202 2497 2352 ietiuti, co ic timellaquauhtiuh, ynjn
1301 2339 2534 2452 choqujz, yn jntlaocol in monaoan,
1310 2436 2517 2574 in motaoan: auh in tlaoqujtlatoma
1322 2571 2534 2719 ceoal, in tivciuetque, maçoc mjloch
1321 2661 2552 2806 monecuepal ticmochiujliqujuti, ca oc
1308 2755 2505 2939 ceppa timjtziximatizque. Auh in
1301 2877 2482 3033 axcan tleticmamaclitia, in aiolic
1307 2959 2458 3134 xoconmotoqujli in vtli, mcutlato
1309 3074 2515 3237 conjcxinamjc: ca amo tlacacemelle
1326 3202 2474 3347 toc, ca tequatpoloc, motequanioti
1304 3260 2487 3474 toc, amo tlacaonoc icacatl, in tla
1324 3387 2474 3565 çotl, manjjan m matitech xiquj
1321 3491 2523 3684 monantiuti, xiqujmonaantiuhi, xi
1319 3596 2585 3756 qujmonololotiuti, xiqujmotepeujtiuh,
1319 3705 2545 3849 xiqujmoncenqujxtitiuh, xiqujmo
1301 3792 2488 3953 nechicotiuti i moteicaoan: mati
2441 3932 2512 4055 l.SA
