2718 4170
339 -2 872 182 de la fiesta
85 205 1258 343 tos de pres enla proa de la canoa, lue
88 334 1249 449 go dauan al principal dellos la olla
85 404 1250 529 con los coracones, luego los echaua
94 481 1249 628 enmedio de aquel espacio, que es
89 607 1246 719 taua, entre los maderos, que era
108 656 1250 822 el espacio, que tomaua aquella
102 765 1235 923 cueua, donde el agua se sumja,
80 860 1227 1014 Dizen que echados los coracones, se
98 952 1228 1092 alborataua el agua, y hazia olas,
88 1058 1218 1197 Y espumas: echados los coxaçones,
105 1164 1208 1310 enel agua, echauan tambien las
85 1234 1210 1393 piedras preciosas, y los papeles de
79 1321 1245 1493 ofrenda, alos quales llamauan tete
101 1413 1229 1578 ujtl, atauanlos enlo alto, de los ma
114 1513 1247 1635 deros, que alli estauan hincados:
87 1599 1256 1751 Tambien colgauan algunos de los chal
110 1687 1233 1841 chiujtes, y piedras preciosas, en los
108 1775 1239 1914 mismos papeles. Acabado todo es
92 1874 1227 2029 to, salianse de entre los maderos:
91 1955 1237 2122 luego vn satrapa, tomaua vn in cen
89 2044 1240 2181 sario, a manera de caço, y ponja
106 2161 1223 2299 en el quatro de aquellos papeles,
111 2286 1247 2386 que llamauan teteujtl, yencen
129 2356 1233 2483 dialos, y estando ardiendo, hazia
124 2444 1259 2584 vn ademan de ofrecer, hazia don
111 2543 1231 2682 de estaua el sumidero, y luege
100 2637 1217 2762 arronjaua el incensario, con el
101 2712 1232 2866 papel ardiendo hazia el sumide
99 2814 1246 2937 ro: hecho aquello, boluja la canoa
100 2942 1240 3049 hazia tierra, y començauan a
105 3007 1234 3157 rremar, y aguijar, hazia tierra
106 3098 1243 3235 donde llaman tetamacolco: que
103 3199 1235 3319 este era el puerto, de las canoas:
79 3289 1234 3448 luego todos se bañauan, en el mis
97 3396 1229 3531 mo lugar, y dalli lleuauan la ca
88 3495 1246 3649 noa, adonde la solian guardar.
99 3594 1228 3740 Todo lo sobre dicho se hazia, desde
90 3718 1268 3857 media noche arriba, hasta que ama
1464 -2 2239 191 Etoalqualiztli.
2455 87 2678 228 fi4.
1341 204 2584 357 yn onmjcoac, njman ieic oaltemoa
1339 326 2535 483 in tlamacazque: qujoaltemouja
1342 446 2478 598 yn ixqujch nextlaoalli, intete
1330 555 2512 720 ujtl: yoan ichtilmatli tlacujlolli,
1325 708 2504 822 yoan itoca aiavixo: yoan inchal
1337 794 2503 933 chiujtl, yoan quetzalli, yoan cō
1320 924 2500 1055 palli, tlatlacatlachia: yoan quj
1336 1012 2517 1149 oaltemouja in mixcomjtl, vncā
1326 1120 2502 1281 tetentiuh yn iollotli: njmanquj
1335 1242 2528 1377 tlamelaoaltia atenco, itocaiocā
1329 1351 2511 1485 tetamaçolco. Auh yno acito nj
1326 1476 2504 1615 man ie ic conacalaquja, conacal
1314 1583 2497 1742 tema yn ixqujch nextlaoalli: y
1336 1691 2535 1850 oan onmacaltema yn ixqujchti
1323 1821 2524 1963 tlamacazque, njman ie ic tlane
1319 1934 2504 2072 lolo, ontetemj, onpipilcatoque
1311 2049 2469 2188 in tlaneloa, tequjtlaneloa, in a
1307 2146 2522 2286 ujctli muchi texoio, tlatexoujlli,
1316 2257 2492 2410 tlatexoaltilli, yoan tlaulxauhtli,
1322 2378 2479 2526 tlaulxaoalli, vlxauhquj. Auh
1323 2507 2506 2658 yn oacito anepantla, itocaiocan
1320 2625 2503 2769 pantitlan, njman ic concalaquja
1329 2731 2453 2873 yn acalli: auh yn oqujcalaquj
1325 2828 2515 3014 que, njman ie ic tlapitzalo: intle
1327 2952 2527 3090 namacac acaliacac onmoquetza,
1321 3069 2485 3197 njman conmaca in mixcomjtl, yn
1335 3163 2486 3297 vncan tentiuh iollotli: njman ie
1318 3277 2497 3423 ic contlaca anepantla, yn ixpā
1329 3401 2537 3523 cuenmantli, iuhquinontlachaqua
1321 3498 2513 3615 nitiuetzi, ontlatzoponitiuetzi: auh
1314 3606 2494 3718 njman poçoni yn atl, momoloca,
1321 3733 2486 3819 quaqualaca, xixittomj, xixite
1320 3801 2535 3941 momoloca, apopoçoqujllotl motla
