2612 4132
887 63 1636 236 Del primero libro
1393 255 2495 391 amoculhoan, yn itoca tlaçulteutl: y
81 277 1277 426 çulteutl: y os como la diosa venus,
1386 366 2528 500 tech tlamjloia, in teuhtli, in tlaçulli: qujl
73 391 1302 517 aesta con otras tres hermanas suias,
1381 444 2515 562 naujntineoa cioa: injc ie, ytoca tiaca
65 494 1310 655 las atribuian, todas las obras de los
1380 524 2488 663 pan, ynjc vneccitoca teicui, injc y
1373 650 2540 769 itoca tlacu, yn ic nauj ytoca xocutzi.
73 602 1288 785 suzios amores: y del remedio dellos,
1395 722 2487 861 Jn iehoanhi, in navinti cioa impam
96 740 1296 930 y por esta causa, las adorauan, sa
1387 823 2496 951 machoia teteu; in tehoantin y moto
77 837 1267 1019 crificavan: y por otro nombre la
1388 913 2518 1075 caiotia tlaçulteteu: yn jntechin ynjn
86 981 1290 1131 llamauan, iscujna, y atodas quatro
1390 1002 2537 1132 toca, in tlaçulteteu, qujcuj yn jntoca
1388 1094 2526 1253 yn amochpuchoan, cequjnti qujmo
80 1097 1307 1247 iscujname, que es nombre de vn a
1387 1212 2519 1332 tocaiotia, tiacapan, cequjntin teicuj,
87 1199 1306 1392 njmal, como lobo: destas quatro dio
1401 1309 2470 1448 cequjntin tlacu, cequjnti xucutzmn.
89 1332 1288 1491 sas, tomavan y toman sus nombres
1391 1385 2499 1532 Jnjn catlateutoqujliztli, camonequi
82 1470 1298 1623 las mugeres mexicanas, que son tia
1401 1505 2536 1624 caoaloz, tlaelittaloz: in iehoantinin
1395 1617 2490 1749 in naujanjme, qujnmoteutitiaque
105 1571 1300 1776 capan, teicu, tlacu, xuco, conujene
1407 1713 2512 1849 yn amotahoan, yn amo culhoan:
99 1712 1303 1894 qujtarselos. En la historia destas
1405 1805 2501 1958 yoan ymjxpan tlamjctiaia, ymix
94 1850 1279 1997 diosas se pone la confession auri
1391 1901 1953 2072 pan tlamanaia.
95 1979 1304 2153 cular, que vsauan estos natura
1395 2106 2561 2234 G. Ocno centlamantli, netlapololtiliztli,
82 2122 1254 2237 les. G. Tambien creian, vrōs
1380 2191 2561 2332 ic oqujmixpupuiotili in diablo in veuet
76 2216 1276 2403 antepassados, que las mugeres q̄
1390 2294 2528 2442 que, oqujntlaneltoqujti: in iehoantin
107 2376 1287 2518 murian del primer parto, se ha
1394 2384 2531 2504 in mocioaquetzque, qujtoaia moteu
103 2465 1284 2623 zian diosas: y las llamavan, ci
1389 2481 2504 2617 cuepa, qujntocaiotique, cioateteu,
1397 2576 2560 2714 cioapipilti. Jntech tlamiloia, qujlmach
96 2603 1312 2744 oateten, o cioapipilti, y las adora
1389 2691 2555 2783 tetlaueliaia, teca mocacaiaoaia, injc
87 2713 1293 2896 uan como adiosas (aun ante que
1389 2782 2555 2873 aca itech qujneoaia, in tlavelilocatia,
1389 2843 2557 2977 tennecujliuja, isnecujliuja, matzicu
77 2840 1262 2995 las enterrassen). Y cada año hazi
1387 2923 2571 3088 liujaia, icxicupichauja, icximj mjquja,
87 2980 1266 3145 an fiesta dellas, y sacrificauan,
1392 3014 2544 3131 momacuecuetzaia, tēqualacqujçaia
1378 3108 2544 3227 ic mjtoaia ca omotenamjcti, ipanoquiz
94 3101 1262 3271 y ofrezian a su honrra, y tenjan
1381 3186 2552 3334 que in cioapipilti: in ipampahi, cenca
80 3221 1300 3391 a honrra dellas, edificados muchos
1384 3271 2534 3390 imacaxoia, neteutiloia, in chachan in
1388 3358 2538 3477 vmaxac, imixpan tlamanaloia: ilhuj
79 3370 1280 3512 oratorios por los camjnos. Es esta
1380 3438 2555 3583 qujxtililoia, mjec tlamantli ic qujntlamo
95 3471 1248 3644 adoracion de mugeres, cosa tan
1380 3519 2546 3657 njliaia, yn imjlhujuh ipan. Jnjn in quj
1374 3614 2551 3739 chiuhtiaque, yn amo culhoan, injc q̄n
82 3587 1238 3775 de burlar y de reyr, que no ay
1390 3691 2558 3797 moteutiaia, mjequjnti cioa, vel tetlapo
78 3705 1295 3898 paraque hablar de la confutar por
1390 3780 2539 3875 lolti, yoan teuetzqujti, cenca ic omopi
1384 3845 2569 3964 nauhtique: injn cauel qujtlauelnamjquj,
93 3837 1243 4017 autoridades da la sagrada escrip
1374 3915 1994 4050 yn isqujch teutlatolli.
72 3994 242 4090 tura.
