2546 4082
308 27 953 237 de la fiesta
73 235 1120 377 todo estaua en calma, lo que te
75 315 1114 450 ca al serujcio, de los dioses. Al sex
61 392 1135 514 to dia, iuntauanse los que tenjan
72 501 1126 635 cargo de los barrios, mandauan
72 590 1128 723 que se buscassen cañas, para ha
63 661 1121 823 zer saetas: y cada vno de los sol
77 770 1139 926 dados, traya vna caroa de canas
61 852 1136 1027 y todos juntos del tlatelulco, y de
81 960 1136 1125 mexico; ofrecian todas aquellas
81 1054 1120 1200 cañas, avitzilopuchtli, ponjendo
72 1153 1116 1314 las enel patio, delante del cu des
62 1254 1140 1363 te dios: luego alli las repartian,
85 1352 1123 1520 ala otra gente, y cada vno lleua
72 1462 1113 1610 ua asu casa, las quele cabia,
83 1542 1139 1699 Otro dia venjan al patio devi
81 1652 1118 1797 tzilopuchtli todos los que auj
86 1740 1123 1877 an lleuado cañas, para ende
81 1834 1130 1973 zar las cañas al fuego: este dia
78 1926 1128 2072 no se hazia mas, De en derezar
79 2032 1124 2180 las cañas, y bolujan las asus
87 2110 1131 2281 casas. Otro dia si gujente, bol
100 2198 1145 2366 ujan conellas al patio, de vitzi
112 2298 1154 2470 ispuchtli: y venja toda la gen
109 2401 1175 2569 te, chicos, y grandes, no queda
102 2501 1153 2659 cia nadie: y atodos los mucha
90 2606 1155 2751 chos, subianlos al cu de vitzilo
75 2717 1157 2862 puchtli, alli los hazian tañer,
99 2822 1134 2965 con los caracoles, y cornetas: y
87 2909 1143 3029 los hazian cortar las orejas,
774 2994 1154 3115 y vntauan
71 3020 727 3143 Y sacauan sangre,
758 3075 1161 3223 y por losros
78 3095 742 3225 lo por las sienes,
84 3186 1149 3331 tros. Namauase, este sacrifi
92 3286 1159 3435 cio, momaçayço: porque le ha
82 3387 1184 3508 zian en memoria de los cieruos
82 3463 1140 3612 que aujan deyr acacar: des
77 3562 1171 3693 que se juntauan, todos juntos
93 3647 1182 3788 enel patio de Vitzilopuchtli: los
79 3729 1166 3871 tenuchcas, y los tlatilulcas: en
1388 7 1879 201 que cholli.
2191 69 2503 214 fo. 78.
1198 227 2328 374 macujlilhujtl in aiatle muchi
1192 342 2332 494 oaia, çan occactimanj: auh ino
1197 460 2324 606 qujz macujlilhujtl; mj muztla
1189 561 2372 692 ioc yncā in neacamaco, cecen
1189 677 2365 815 tlamamalli i conanaia tequj
1196 780 2362 938 oaque, in tenuchtitlan, in tlati
1192 894 2367 1043 lulco: in neaçamacoia: vncā i
1191 985 2373 1150 icxitlan Ditzilobuchtli: autiin
1208 1108 2379 1278 onemacoc; njmā ic qujitqujtze
1209 1226 2351 1388 qujquequechpanoa. Auh inj
1210 1321 2377 1500 muztlaiocz, ie noceppa ic viloa
1194 1438 2336 1605 mjitoalco vitzalobuchtli, tla
1201 1554 2377 1693 tlemelaoaloz, motlemelaoaz
1212 1673 2371 1820 macatl: çan ocixqujcti, i mu
1196 1778 2404 1954 chioaia y; ciuh in vmmotlemee
1209 1867 2365 2063 lauh, oc ceppa can no oalmot
1212 1982 2420 2185 quj, oc ceppa in tlatquj oalietiuh.
1224 2122 2347 2303 Auh mjc eilhujtl, no ceppa vi
1218 2240 2352 2408 loa, mootquj macatl, vel ix
1232 2351 2431 2522 qujch cemolinj, in tequjoaque
1219 2461 2407 2636 in telpuchtli, in tlapalivi: aiuh
1219 2590 2392 2785 moqujchpipiltotonti, qujtle
1220 2712 2389 2882 tlecavia in teucalli, vncā tla
1224 2830 2436 2985 tlapetztoque, yoan mjçotoque:
1217 2936 2409 3112 qujtequj m m nacaz, mjmezeo
1230 3079 2363 3201 compatzca, incanaoaca cona
1230 3193 2497 3365 laoa: mjtoaia, momacatço, qujn
1244 3296 2416 3461 neçaviliaia in mamaca, mjc
1248 3411 2471 3573 amjoaz. Auh mo cē qujxoato teu
1240 3528 2432 3679 itoalco: cecnj motaca in tema
1247 3639 2424 3828 chca, cecnjmoteca in tlatilul
