2622 4290
1003 -1 1425 163 Prolopo
79 218 2577 365 Todos los escriptores trabaxan de autorizar, sus escripturas, lo mejor que pueden: vnos con testras
82 303 2576 454 fide dignos: otros con otros escriptores, que ante dellos an escripto, los testimonjos delos qua
87 365 2561 501 les son aujdos por ciertos: otros con testimonjo, de la sagrada escriptura: amj me an faltado,
84 430 2571 569 todos estos fundamentos, para autorizar, lo que en estos doze libros, tengo escripto: ynod
84 488 2585 662 llo otro fundamento, para autorizarlo: sino poner aquj, larelation, de la diligentiage
81 562 2581 737 hize: para saber la verdad, de todo lo que en estos libros, he escripto. Como enotros prolog
100 622 2581 802 desta obra hedicho: amj me fue mandado, por sancta obediencia, de mj prelado mayr
92 692 2581 899 que escriujese enlengua mexicana, lo que me pareciese, ser ytil: para la doctrina, culta
97 767 2583 948 ra, y manu tenencia, de la cristiandad, destos naturales, desta nueva españa: y para
101 823 2587 998 ayuda, de los obreros, y ministros, que los doctrinan: rescebido este mandamjento, hizec
103 902 2577 1079 lengua castellana, vna mjnuta, o memoria, de todas las materias, de que auja de
107 955 2589 1156 tratar: que fue lo que esta escripto, en los doze libros : y la postilla, y canticos: lo qual se
112 1027 2571 1246 puso, de prima tigera, en el pueblo de tepepulco, que es de la proujncia, de aculhudo
102 1094 2573 1309 o tezcucu: hizose desta manera. Enel dicho pueblo, hize juntar, todos los principad
103 1163 2593 1384 con el señor del pueblo, que se llamaua don diego demendoça, hombre anciano, de
103 1232 2590 1487 gran marco, y habilidad, muy esperimentado, entodas las cosas curiales, belicas,
108 1304 2590 1558 politicas, y aun ydolatricas: Aujendo los juntado, propuseles, lo que pretendia
115 1396 2583 1608 zer: y pediles, me diesen perconas habiles, y esperimentadas, con qujen pudiese platic,
90 1467 2592 1703 y me supiesen dar razon, de lo que los preguntase: ellos me respondieron, que se ha
109 1545 2593 1749 blarian, cerca de lo propuesto, y que otro dia, me responderian: y ansi se despidier
115 1625 2587 1820 demj. Otro dia vinieron, el senor, con los principales: y hecho vn muy solenne para
118 1687 2594 1886 mento, como ellos entonce le vsauan hazer: señalaronme, hasta diez, o doze princi
103 1766 2590 1983 les ancianos: y dixeronme, que con aquellos, podia comunjcar, y que ellos meda
114 1837 2582 2060 an razon, de todo lo que les preguntase. Estauan tanbien alli, hasta quatro lat
103 1897 2591 2136 nos: alos quales, yo pocos años, antesauja enseñado, la oramatica, enel colegio de s
110 1980 2583 2207 ta cruz, enel tlatilulco. Con estos principales, y oramaticos, tambien principales, p
99 2046 2593 2296 tique muchos dias, cerca dedos años, sigujendo la orden, de la mjnuta, que yo tenj
100 2135 2582 2367 hecha: todas las cosas que conferimos, me las dieron por pinturas, que aquella, cō
120 2188 2588 2450 la escriptura, que ellos antiguamente vsauan: y los gramaticos las declararon, en
100 2288 2581 2514 lengua, escrjujendo la declaration al pie de la pintura : tengo aun agora estos orig
113 2370 2598 2582 nales. Tambien en este tiempo, dicte la postilla, y los cantares: escriujeronlos, losm
113 2408 2597 2657 tinos, enel mjsmo pueblo, de tepepulco. Quando al capitulo donde cumplio, su hebdon
126 2484 2580 2722 da, el padre fray francisco toral, el qual me inpuso esta carga: me mudaron de te pep
108 2542 2595 2805 co, lleuando todas mjs escrituras, fuy amorar asanctiago, del tlatelulco: donde junta
115 2621 2599 2866 los principales, los propuse el negotio, de mjs escrituras, y los demande, me señalasen
115 2706 2603 2957 gunos principales, habiles, con qujen examjnase, y platicase las escripturas, que de tep
122 2771 2592 3003 co traya escriptas. El gguernador conlos alcaldes, me señalaron, hasta ocho, o diez prit
119 2831 2600 3091 pales, escogidos entre todos, muy habiles en su lengua, y en las cosas de sus antiguallas:
115 2886 2604 3138 los quales, y con quatro, o cinco colegiales, todos trilingues: por espacio de vn año, y algos
126 2952 2613 3206 encerrados, enel colegio: se emendo, de claro, y añadio, todo lo que de tepepulco truxe est
2493 3060 2592 3145 iA.
126 3062 2575 3274 to: y todo se torno, a escriujr de nueuo, de ruyn letra, porque se escrjuio, cō muchap
118 3124 2600 3343 sa: eneste escrutinjo, o examen el q̄mas trabaxo, de todos los colegiales, fue martin sss
130 3208 2617 3405 ta, que entonce era rector, del colegio, vezino del tlatilulco, del barrio de sanctana. A
125 3289 2604 3489 do hecho lo dicho, enel tlatilulco: vine amorar, a sanet francisco, de mexico, con todas mj
114 3364 2605 3558 cripturas : donde por espacio, de tres años, pase, y repase, amjs solas todas mjs escriptu,
111 3445 2609 3655 y las torne aemendar: y diujdilas por libros, endoze libros, y cada libro, por capitulos: y u
119 3496 2610 3702 nos libros, por capitulos, y parraphios. Despues desto, siendo proujncial, el padre frayla
107 3564 2636 3768 nauarro: y guardian del conuento de mexico, el padre fray diego de mendoça, con su far
112 3654 2634 3842 se sacaron en blanco, de buena letra, todos los doze libros : y seemendo, y saco en blanc
128 3727 2619 3929 postilla, y los cantares: y se hizo vn arte, de la lengua mexicana, con vn vocabulario di
126 3808 2617 3982 diz: y los mexicanos emendaron, y añadieron muchas cosas, a los doze libros, quando
104 3886 2601 4076 yua sacando en blanco. Demanera que el primer cedaço, por donde mjs obras se cernjc
