2636 4236
674 92 1116 251 Apenditz
116 613 1314 850 Este vme tochtli, tenja cargo, de
138 798 1266 933 hazer lo mismo, que arribase de
120 879 1146 1003 xo, en la fiesta de atl caoalo.
127 1417 1312 1563 Esta muger, que se llamaua cioa
137 1520 1297 1668 quacujlli, tenja cargo de proueex
153 1593 1329 1736 de todo lo que se auja de ofrecer,
123 1691 1285 1827 en la fiesta de la diosa toci: como
137 1796 1311 1920 son flores, y cañas de humo: y todo
137 1874 1318 2019 lo demas, que ofrecian las muge
139 1971 1262 2119 res, en la fiesta desta diosa Toci.
111 2261 1299 2420 Esta muger, llamada cioaquacuj
122 2387 1300 2488 lli iztac cihoatl: tenja cargo en el
136 2453 1299 2598 u, llamado atenchicalçan: de los
127 2566 1285 2702 que barrian, y de los que ponjan
129 2636 1289 2790 fuezo. Y tambien los que hazian
142 2736 1298 2884 voto, de hazer algun serujcio en
133 2838 959 3016 este cu, aella acudian,
104 3774 1274 3910 Este ixcocauhquj tzonmolco teu
126 3872 1279 4009 hoa, tenja cargo de hazer, traer
131 3951 1273 4085 sa leña: que se auja de gastar,
1618 89 2250 272 del libro. 2.
1413 277 2582 466 pipiltzitzintin, in anoço oqujchtli,
1400 403 2444 609 anoço cihoatl ipan tocoztli
1640 564 2287 688 Vmetochtli idem.
1428 699 2590 879 anno iuhquj catca in itequjuh, in
1386 834 2586 1012 itechiuh catca, vme tochtli papaz
1389 963 2581 1118 tac, auh in muchivaia ipan in
1377 1074 1801 1211 atl cavalo.
1661 1215 2305 1417 Cihoaquacujlli.
1394 1390 2565 1542 Ineihoa quacujlli itequjuh catca,
1386 1522 2569 1652 in jzqujch ventli, in ancan mone
1399 1639 2580 1838 quja, atenchicalcatl, in xuchitl inij
1383 1769 2579 1947 ietl injc qujtlamanjliaia toci vel
1382 1862 2582 2080 ixqujch in ontlamanaia in cihoa
1375 2002 2581 2162 in jquac navaloia iehoatl much
1384 2125 2512 2288 itequjuh catca, in cihoa quacujlli:
1438 2300 2483 2495 Cihoa quacujlli iztac cihoatl.
1387 2411 2580 2643 Incihoa quacujlli iztac cihoatl ça
1393 2595 2565 2758 no vmpa tlapiaia, ympa tlamoca
1389 2720 2528 2846 tlavjaia in atenchicalcan yoaā
1381 2826 2561 3011 ipantlatovaia in tlachpanaliztli toa.
1375 2955 2564 3128 tletlaliliztli, yoan in aqujn vmpc
1356 3053 2579 3239 monetoltiaia, iehoatl conilhujaia
1362 3191 2569 3368 in cihoa quacujlli iztac cihoatl, inia
1376 3313 2546 3505 chi iehoatl quitzontequja in tlein
1379 3392 2573 3585 vncan muchiuaia atenchicalca,
1452 3560 2570 3730 Izcocauhquj tzomolco teuhoa
1390 3731 2564 3922 Injz cocauhquj tzomulco teuhoa
1384 3893 2559 4051 itequjuhcatca, in xjuhtecuqua
