2546 4092
351 126 886 286 de la arte
13 312 1183 469 losque sabian, que estonces reyna
12 415 1156 564 ua el signo de tezcatlipuca. A de
14 497 1207 643 zian que era malo: porque aquel
14 560 1177 739 los, aqujen tezcatlipuca aujada
15 682 1150 847 do riquezas: tambien estonces
6 748 1157 945 se las qujtauan, por algun de
8 868 1132 1069 sagradecimjento, o soberbia,
22 975 1167 1152 que por ellas auja tomado: y
30 1090 1180 1258 daua las alos que le rogauan
27 1194 1167 1372 tiumjlmente, y suspirauan
19 1278 1180 1476 y llorauan porellas  por esso
39 1434 1163 1596 en todo lugar le rogauan, por
50 1511 1198 1687 que dezian: que sus dones no
48 1615 1177 1763 pormanecian, sino que los mu
43 1704 1208 1891 daua de vno, en otro. l dezian:
56 1792 1152 2008 que los que nacian en este lig
59 1908 1173 2095 no: eran bien afortunados, e
59 2008 1189 2195 ran honrrados: si eran deuotos
66 2083 1197 2318 dsu signo, y si hazian peniten
51 2206 1194 2411 cia por el: y si esto no hazian
37 2320 1177 2507 perdian su ventura: y por esto
52 2409 1177 2599 El mjsmo dia que nacian, le
52 2519 1184 2700 baptizauan, y le ponjan nom
47 2632 1193 2817 gre, y combidauan alos njnos
56 2747 1192 2934 les dauan de comer: paraq̄
50 2836 1183 3051 supiessen el nombre, delque
70 2925 1193 3123 auja nacido: y le diuulgassen
61 3035 1201 3238 abozes, por las calles. Y si era
72 3151 1195 3326 daron el que nacia: ponjan le
64 3231 1191 3448 por nombre mjqujz, o yautl,
56 3360 1204 3556 o ceyautl, o necocyautl ochi
58 3475 1181 3663 coyautl o yaumavitl: dauan
61 3548 1241 3752 te vno destos nombres, ya dichos:
68 3681 1219 3855 que exan todos de tezcatlipuca,
58 3779 1159 3988 zdezian: que al tal nadie le
1339 67 2452 235 adiujnatoria. fo.23.
1241 247 2423 400 injc teicneliz: auh mjc amo qualcan,
1247 354 2389 508 ieccan, ipanmachoia, ca vncan ne
1225 467 2396 621 mauhtiloia, ymacaxoia; mjc amo
1247 591 2388 727 cannoie mocomaz, monenequjz, ca
1223 679 2391 855 iuhqujtoaia, m aqujnqujcnelia, mo
1240 794 2378 965 conmavicolti, in oixpan conqujxti,
1238 889 2392 1079 mjtzopelica, mj aviiaca, mjtetlaoco
1234 1000 2357 1232 liliz: cannoie conjnculia, conjquanj
1244 1111 2411 1346 lia, tel amo çannen iquaci ieatla
1238 1243 2383 1442 mati, iiecuecuenoli, maoctleipan
1241 1360 2409 1557 tlatta, conmjxcaoaltia, mjmaceoal,
1239 1492 2430 1686 ocatca, ocie qujenoitta, connemactia,
1249 1614 2410 1854 i qujtlamatataqujlia, mjca chocati
1243 1735 2387 1964 nemj, elciciuhtmemj, cc mjtoaia: no
1249 1837 2375 2077 buan chialo, noviian iviepa nentla
1238 1970 2372 2156 macho, tlaocoialo, acan vel ichan i
1255 2088 2395 2267 iaotl. Tezcachpuca: ca njtlan conanti
1244 2192 2421 2424 nemj mjpetl, icpal. Auh maqujn ipa
1245 2315 2407 2496 taçatia itonat comjqujztli: mjtoaia
1251 2446 2468 2653 mocujltonoz, motlamachtiz, in tlapilli,
1255 2553 2422 2728 anoço canmaceoaltzintli, muchi me
1255 2667 2410 2834 mactia, itechacia, itechpachivia, in
1258 2769 2378 2986 maviçotl: iquac itlauellamaceoa,
1269 2899 2435 3089 mocnomati; auh intlacamouellama
1256 3057 2410 3193 ceoa, ca çan yneunan conmocauj
1249 3120 2428 3333 lia, qujmjtlaçaltiuja yn jtonal: ymj
1269 3259 2420 3437 quac, y, tlaaca otlacat, njmancal
1254 3369 2389 3525 tiaia, qujtoçamaça, qujxic venqua
1272 3483 2407 3699 qualia mpipultotonti, intlaoqujch
1267 3629 2396 3756 tu otlacat, ic qujnotza mjqujz, ano
1272 3724 2412 3858 co iaotl, ceniaotl, necociaotl, chico
2272 3874 2411 3971 Dcē
