2598 4064
1011 47 1806 232 Del primero libro.
1372 211 2549 348 amotech qujcauhtiaque, yn amoculhcā
53 224 1280 391 yor, que todos los ya dichos, os dexaron
1381 336 2531 462 ca oqujtotiaque, intetepe cateteu: ipā
63 349 1289 469 vrōs antepasados: que los montes, sobre
1374 409 2504 558 paquinpiquja intetepe. Auh ynj
60 459 1271 604 que se arman los nublados, como so
1365 491 2552 632 mixiptlavan, qujntocaiotiaia tepicto
59 538 1267 661 el vulcan, y la sierra neuada, y el o
1377 583 2546 716 ton: yoan yn vicmonetoltiaia, in coa
66 651 1288 788 tro vulcan de cabe tecamachalco, y
1371 698 2556 815 ciuja, ynjc tepiquizque. cf. Auh yn
86 754 1276 886 la sierra de tlaxcalla, y la sierra de
1359 792 2526 950 oqujnpicque, njman imixpan tla
81 863 1280 993 toloça, y otras semejantes: las tenjā
1376 900 2538 1022 manaia, ymjxpan cujcujcaia, mj
81 972 1280 1121 por dioses, y yuan cada año, aofrecer
1361 980 2537 1148 ec tlamantli, ymjxpan qujchioaia
77 1080 1268 1241 sacrificios sobre ellos alos dioses del a
1368 1063 2515 1264 ynjc qujnmaviztiliaia: vel motla
1372 1163 2520 1358 pololtiaia in macaçan tlavancapu
81 1192 1262 1373 gua: y esto aun no a cesado, que es
1365 1260 2522 1446 pul. Auh yn axcan caaiamo cempo
69 1293 1273 1450 te año pasado, de. 15bg. yendo acaso
1365 1357 2535 1520 liuj, nomacequjnti, moxtlaoa tepe
94 1419 1288 1564 vnos religiosos, aver las fuentes, que
1376 1455 2508 1632 ticpac: auh ynjn cavei tlatlaçulli,
76 1490 1295 1640 estan sobre la sierra de toluca, halla
1373 1560 2527 1735 vey yiolitlaculoca yn dios, vey ere
93 1624 1265 1753 ron en vna de las fuentes, vn sacri
1370 1695 2211 1869 gia, ca tetzauhtlatlaculli.
74 1739 1278 1895 ficio o ofrenda muy reziente, de cin
69 1842 1291 2009 co, o seys dias antes hecho, que segun
91 1968 1308 2126 daua aentender el sacrificio: fue em
78 2053 1274 2258 biado de mas de qujnze pueblos: en
78 2164 1275 2346 todas estas sierras dichas, hallariā
2151 2236 2210 2356 za
1415 2141 1972 2369 o esete
82 2287 1267 2440 cada año, ofrendas nueuas, si las vi
1358 2362 2541 2519 B. Jzcatquj no qujchioaia, yn veuet
88 2387 1272 2583 sitassen por el mes de mayo. B. ha
1377 2479 2552 2637 que, ynjc qujnmauiztiliaia intetepe
87 2500 1247 2682 zian vrōs antepasados, a honrra des
1384 2591 2547 2732 qujnchioaia tepicme, iuhqujnmatitla
81 2652 1269 2780 tos montes, y a otros semejantes, vnas
1374 2690 2573 2813 ca, ynjc qujnxaiacatiaia: auh yn jnli,
85 2711 1281 2902 imagines de tzoalli, enforma huma
1364 2784 2535 2915 iehoantin qujchioaia, in tlamacaz
85 2807 1260 2989 na, conciertas colores pintadas: las
1364 2892 2513 3045 que, yn jntlamacazcaoan tlaloque.
78 2908 1255 3097 quales llamaron, tepictoton: las
1359 2968 2555 3118 Auh yn jquac ie oqujnchiuhque: in
85 3008 1262 3208 quales hazian los minjstros, de los
1349 3088 2561 3251 iehoantin in maceoalti, yn netoleque
84 3126 1270 3291 tlaloques, por las casas de los popu
1361 3185 2561 3356 ymixpan tlamanaia, ymjxpan tla
80 3227 1224 3405 lares: y delante destas ymagines,
1370 3307 2524 3474 quaia, atlia, mjtotiaia. Auh ynj
91 3372 1278 3515 hazian sacrificios, ofertas, y cerimo
1359 3411 2525 3587 quac oquiz ilhujtl, qujnmococotinj:
105 3456 1266 3651 njas, con gran regozijo y fiesta. Y
1361 3523 2519 3697 aia yn tepicme: yoan qujnquaia.
82 3571 1282 3769 pasada la fiesta, diujdian en tre
1356 3646 2525 3816 ynjn iuhqujchioaia, yn amoculhoā
92 3676 1280 3849 si, las ymagines, y comjanlas. Es
1366 3774 2274 3929 ca cocunejutl, capipillutl.
84 3771 1276 3919 to, mas parece, cosa de njños, y sin
86 3855 1156 4019 seso, que de hombres de rrazon:
