2714 4200
405 36 976 197 dela ante
67 228 1253 389 combite de los bateos: llegan
49 346 1292 471 do el dia de los bateos, comjan,
68 453 1275 610 y beujan los viejos, y vujas: y sa
61 580 1288 728 ludauan al njño, y ala madre:
62 688 1247 813 al njño le dezian. Pieto mjo,
74 804 1262 936 as venjdo al mundo: donde as
74 886 1237 1057 da padecer muchos trabajos, y
65 1030 1276 1173 fatigas: porque estas cosas, ay en
61 1153 1242 1289 el mundo: poruentura biujras
64 1272 1300 1415 mucho tiempo, y te lograremos
75 1387 1268 1531 y te gozaremos: porque eres y
76 1471 1323 1620 magen de tupadre, y de tu madre,
79 1578 1272 1744 eres proben, y broton de tus a
71 1676 1286 1877 buelos, y antepassados: los qua
66 1830 1289 1983 les, conocimos que biujeron en
94 1951 1304 2139 este mundo. Dicho esto, y otras
98 2074 1334 2265 cosas somejantes: halagauan ala
82 2212 1306 2380 criatura, tuayendo le la mano,
85 2351 1376 2521 sobre la cabeça: en señal de amor.
109 2464 1327 2644 Y luego començauan: a saludar
100 2603 1331 2738 ala madre, diziendo destamane
106 2720 1325 2874 ra. Nija mja, o señora mja: a
101 2790 1322 3001 uoys sufrido trabajo en parir a
103 2917 1333 3120 yuestro hijo: que es amable, como
118 3064 1346 3196 vna pluma rica, o piedra precio
98 3173 1353 3347 sa: hasta agora, erades vnovos:
113 3291 1373 3469 y vuestra criatura, agora ya sois
120 3383 1383 3587 dos distintos: cada vno a de biujr
117 3508 1304 3701 por si, y cada vno a de morir
117 3638 1361 3845 por fi. Poruentura goraremos
119 3724 1404 3952 y lograremos algun tiempo a vu
152 3858 1410 4085 estro hijo: y lo tendremos, como
1416 35 2257 209 adirejnatoria
2356 80 2603 213 Ao. o7.
1342 216 2557 373 auhqujnnonqua, contlalilia oc
1353 329 2592 497 conchololtia, ynjc quitlatlaqualia
1342 455 2564 608 pillaqualo, pillaoano; auh intla
1359 569 2538 714 caiemoveliti, quimpa caltia yn
1363 673 2546 826 Ntonalli, ym uhnean neci ipā
1366 784 2559 965 cequauhtli, yn aqujntlaipā otla
1353 893 2569 1068 cat, quimpā caitizque in ey olin
1370 1006 2579 1161 iehoa in cātlacococavia ytahoan
1381 1127 2575 1288 ynaoa, in çanenotlaca, in caqui
1358 1238 2587 1400 tzacuia icnoiotl, atletzin in polivi
1362 1362 2569 1501 in, intecentlalilom, in tenechico
1389 1483 2608 1631 ionj, iccan cococatzin, cococaiotica
1389 1611 2574 1765 icnotlacaiotica conaltia yn jnco
1384 1750 2600 1885 neuh, ipāpa in çanquitototztive
1390 1856 2590 2016 tli, quitototztiquiça, in aocmocō
1399 1970 2630 2142 vecatlaça couecatilia, conechca
1408 2086 2594 2197 tilia, conechcatlaca, cocholol
1402 2207 2621 2323 tia auh in tlamotlacamati, mo
1413 2314 2627 2476 cuiltonoa tetahioa, in vnca qui
1404 2450 2618 2607 quanj, qujnce vmpa quimatti
1411 2555 2651 2713 vi ymipa chicome tonalli, yquac
1420 2682 2620 2839 caltia, yoan quicoçolaquja im
1419 2802 2625 2964 viltontli, ypampa yn juh omjlo
1426 2919 2607 3095 muchipa quiqualittaia: n ̄
1429 3045 2636 3230 tonalli, yquac quivejchioa in
1436 3172 2632 3351 tecoanotealiztli, atlioa, tlaqua
1437 3298 2589 3464 io, novjiampa xoxochitlano,
1435 3430 2639 3617 oalhuj in xochicauhque, neque
1443 3555 2639 3711 quecalo, nepopotzolo: aun in
1461 3668 2640 3832 piltontli quitlapaloa in veuetq̄,
1463 3796 2638 3948 ymlamatque, yoa imnatzin
