2414 3560
198 168 605 300 libro. 3.
41 482 997 634 Capitulo primero, del prin
42 588 962 729 cipio que tuujeron los dioses.
36 708 978 869 Del principio de los dioses, no ay
59 826 994 940 clara, ni verdadera relacion: nj
43 908 1029 1027 aun se sabe nada, mas lo que dizē
52 992 1023 1124 es: que ay vn lugar, que sedize, te
52 1093 1045 1189 utioacan, y alli de tiempo inmemo
64 1147 1018 1275 rial: todos los dioses, se juntaron,
54 1239 996 1357 yse hablaron diziendo. Qujen ha
57 1335 979 1465 de gouernar, y regir el mundo
70 1423 1021 1559 qujen adeser sol. Yesto ya es pla
64 1517 1007 1649 ficado, en otra parte. Y altiem
68 1588 1051 1721 po que nascio, y salio el sol: todos
76 1683 1007 1805 los dioses murieron, yn ingund
78 1782 996 1906 guedo dellos: como adelante se
100 1866 1026 1978 ca, enel libro septimo, enel ca
96 1948 513 2064 bitulo segundo.
82 2062 999 2225 Parrapho primero, del naci
83 2186 1002 2339 mjento de Vitzilobuchtli.
79 2299 1027 2423 Segun lo que dixeron, y su pie
91 2390 1041 2493 ron, los naturales viejos, del naci
91 2451 1059 2589 mjento, y principio del diablo, que
82 2559 1032 2647 se dezia vitzilobuchtli: al qual da
88 2620 1023 2744 uan mucha honrra, y acata mj
101 2694 1011 2813 ento: los mexicanos, es: que ay
85 2769 1035 2907 vna sierra, que se llama coote
93 2842 1042 2976 pec, iunto al pueblo de tulla:
79 2939 1020 3071 Y alli viuja vna muger, que se
100 3025 1016 3135 llamaua coatl ycue, que fue
92 3077 1054 3225 madre de vnos yndios que se de
96 3177 1036 3309 zian, centzonujtznaoa: los qua
79 3259 1038 3402 les tenjan vna hermana, que se
1197 100 2211 257 del prmcipio de los dioses.
2081 205 2230 302 fo.1.
1058 242 2058 426 NIicanpeoa injc y amoztli.
1072 431 2083 584 Injcce capitulo, vncan mjtoa in
1079 538 1911 676 quenjn otzintique inteteuh.
1076 658 2076 827 Inquenjn tzintique inteteuhi incan
1088 784 2082 929 patzintique, amovel macho, caie
1086 897 2094 1013 iehoatl in panjca in vncan teutioa
1097 992 2093 1144 çan, qujtoa incanjn yn iqujn, inoc
1089 1090 2081 1242 iovaian vncan mocentlalique, in
1087 1205 2124 1357 ixqujchtin teteu, yoan mononotz
1104 1317 2079 1464 que, in aqujntlatlquiz, in aquin
1087 1413 2155 1551 tlamamatz, in aqujn, tonatiuhioz,
1133 1525 2101 1700 njn ca ieomjto cececnj) auh ini
1120 1641 2096 1800 quac, momomanaço tonatiuh, ni
1110 1767 2097 1873 man muchintin vncan mjcque,
1113 1846 2076 2012 incamuzcalti intonatiuh: aiac
1108 1965 2107 2104 mocauh in macamomjci moiuh
1113 2076 2127 2216 mjtoj: auh injuhqujmatia ve
1119 2176 2109 2336 vetque  Jn vitzilobuchtli, in cen
1130 2295 2089 2430 ca qujmaviztiliaia in hlexicac.
1143 2400 2101 2549 yvin in qujmatia, in itzintiliz, i
1127 2521 2137 2654 mpeoaliz, ca in coatepec, ynjcpa
1123 2635 2161 2759 intullan, cemilhujtl quitztica, im
1124 2716 2122 2884 ya nenca cihoatl, itoca Coatl i
1129 2840 2098 2943 cue: innan centzonuitztiaoa.
1124 2923 2141 3052 auh inveltiuh, itoca, Coiolxauh.
1126 3026 2129 3185 auh in iehoatl Coatl icue, vncan
1149 3160 2124 3266 tlamaceoaia, tlachpanaia, qui
1139 3244 2122 3364 mocuitlaviaia, in tlachpanalli:
2213 16 2412 104 9g0.
