2672 4218
576 129 1038 316 Libro.
20 1165 1241 1373 Capitulo treynta y cinco,
36 1342 1237 1474 de las cerimonjas que hazia,
28 1469 1199 1619 quando baptizauan lacria
24 1572 1256 1757 tura, y del combite que hazian
27 1715 1231 1876 alos njnos, quando le ponjan
39 1828 1232 1997 el nombre: y de la platica, que
39 1948 1222 2124 los viejos hazian alacriatu
45 2074 883 2262 ra, y ala madre.
43 2316 1261 2509 Digue se la cerimonja, que ha
68 2468 1268 2592 zian: quando baptizauan a sus
44 2605 1236 2755 hijos, y hijas: este baptismo se
44 2699 1225 2898 hazia, quando salia el sol: y
74 2851 1244 2994 combidauan atodos los njños,
64 2976 1232 3135 para entonce dauan les de
85 3088 1269 3229 comer. Pacriatura que nacia
88 3192 1226 3369 en buen signo: luego le bapti
86 3341 1233 3470 zauan: y si no auja oportunj,
86 3450 1256 3586 dad, de baptizar la: luego di
74 3550 1279 3708 firian la, para la tercera, o sep
81 3655 1227 3820 tima, o decima casa Yesto
66 3800 1253 3950 hazian: para proueer se, de
67 3912 1238 4055 las cosas necessarias: para el
1498 153 1684 325 A.
1279 288 2487 425 man cevi, xotlatica oalantica, oa
1285 405 2485 540 oalantica, mopipitztica, vel qujepe
1281 495 2503 599 oa, vel icpeuhtica: yoan aiac vel on
1278 569 2495 705 tlecuj. Auh intla aca ontlecujzne
1280 679 2485 813 quj tletlecujc: amo qujmaca, injc
1281 763 2510 885 amoqujtleiocujlizque piltontli, ino
1286 854 2498 982 tlacat: ixqujchica in ontlamj navil
1285 944 2519 1078 hujtl: anoço in oc izqujlhujtl caltiz
1292 1066 1462 1179 que.
1289 1136 2512 1384 Jnjc cempoalli oncaxtolica
1311 1314 2477 1493 pitulo: vncan mjtoa yn tlein
1299 1442 2535 1618 muchioaia, yn iquac quimal
1305 1566 2460 1752 tiaia: impilhoan, yoan injc
1304 1693 2498 1890 tlaquaioia yn iquac qujnto
1305 1839 2495 2005 camacaia: yoan intlatolli in
1311 1966 2525 2164 qujtoaia vevetque, in quilhui
1305 2081 2536 2321 aioe, piltontli: yoan intena.
1322 2284 2549 2524 Xuh in iquac maltia, çanioaq
1316 2459 2529 2624 tzinco, tlqaitzcalta, iquac yn oçal
1311 2578 2563 2747 moma tonatiuh, quixic venquaqua
1312 2663 2533 2856 lia impipiltotonti, tzatzatzitiui, yhi
1314 2793 2527 2972 caoaca, yn vtlicapa, quiaoacpa,
1310 2899 2531 3052 motlatlaloa, ic quinotztiui, in tlein o
1314 3002 2584 3163 tocaiotiloc piltontli, in juh ie omoteneuli,
1324 3129 2502 3285 cecā qujnanamoia, in xicventli
1306 3240 2566 3415 izquitl inquicequi heeio, que eiolta
1326 3360 2591 3560 mocaietl, xicalticaquimana. Joa:
1329 3495 2533 3665 mjtoa iuhtlamanca intla aca ipā
1332 3600 2553 3780 otlacat ynjccemilhuitl vmpeoa to
1321 3705 2581 3893 nalli icamjecca omito J, yn tlaqual
1332 3859 2575 4005 can mma iciuhca conaltilivetzi,
