2568 3996
341 67 864 252 de la fiesta
44 259 1121 413 adonde estaua el taxon: y auj.
49 345 1125 518 endo baylado vn poco, descendiā
43 426 1113 594 abaxo, al patio del cu, ydauā
52 509 1087 663 quatro bueltas, baylando al pa
53 586 1092 768 tro: las quales acabadas, lue
40 665 1062 859 go se deshazia el areyto, y en
45 763 1104 946 trauanse enel palacio real, a
58 858 1121 1020 companando al señor. Este ba
66 960 1118 1096 vle se llamaua netecujtotilo:
51 1052 1130 1211 porque en el nadie auja de ba
63 1133 1113 1309 ylar, sino el señor y los prin
60 1241 1100 1424 cipales: haziase de quatro
67 1323 1096 1508 en quatro años tan solamē
62 1431 1099 1570 te. Eneste mesmo dia, agu
69 1520 1079 1683 jerauan las orejas, atodos
72 1599 1100 1787 los njños, y njñas, que auja
72 1712 1143 1884 nascido, en los tres años passa
68 1807 1131 1992 dos: agujerauanse las, con vn
80 1909 1097 2042 guncan de hueso, y despues
91 1998 1117 2138 se las ensalmauan, con plu
110 2091 1166 2259 mas de papagayo, con las muy
100 2169 1110 2346 blandas, que parescen algo
98 2275 1155 2447 don, que se llama tlachcaiotl,
79 2373 1138 2530 ycon vn poco de oçotzotl: yquā
108 2470 1113 2615 d esta se hazia, los padres,
97 2556 1123 2697 ymadres, de los muchachos, y
98 2675 1116 2825 muchachas, buscauan padri
82 2752 1154 2909 nos, y madrinas, que ellos en
94 2846 1140 2943 su lengua llaman tios, y tras,
91 2935 1125 3085 tetla, teauj: paraque los tu
100 3045 1128 3181 ujessen, quando aguiexauan
92 3143 1107 3286 las orejas: y ofrecian enton
87 3220 1127 3373 ces, harina de vna semjlla, q̄
91 3306 1138 3463 llaman chian: y alos padrinos
97 3400 1146 3552 y madrinas, dauanles al hem
102 3506 1136 3634 bre, vna manta leonada, o
99 3603 1148 3742 bermeja, y ala madrina da
105 3693 1106 3829 uan su vipil. Acabandolos
109 3768 1067 3892 de horadar las orejas, lleua
1442 31 1833 222 lzcalli.
2284 81 2521 221 ft. i01.
1155 242 2450 385 mjtotique meenexixitinjlo, texi
1159 352 2415 502 xitinjlo: njma ie ic calacoa intec
1158 457 2499 636 pan tlatecpanoloz. Auh in iehoatl ,
1154 559 2439 735 moçaneoa: netecujtotilo, motecuj
1143 692 2461 833 totia in tetecutin, çan inneixcavil
1156 788 2446 988 catca in tlatoque, in motecujtoti
1150 886 2392 1070 aa: nauh xiuhtiça in muchioa
1156 989 2421 1231 ia; ie iuhquj. Ocvecaiooan in
1157 1101 2425 1325 peoaloia i tenacaxxapotlaloia
1174 1248 2469 1445 nqujnnacazxapotla pipiltoton
1170 1376 2477 1565 ti, yoan qujn potonja, tocivitica,
1173 1474 2450 1665 yoan itlachcaioio neneliuhtiuh
1173 1584 2448 1756 in toztli. Auh in ventli in qujctii
1172 1733 2402 1921 oaia pinolli: auh in tananoan
1169 1828 2482 2037 cequjtemooaia, iehoatl in tiaçauh
1178 1932 2432 2149 açotaequjoa: anoço telpochiaquj
1179 2031 2409 2259 iuhqujn clanenequja impichoa
1193 2160 2378 2369 que mjc Tetlatizque: no ce quj
1182 2275 2418 2471 temoa cioatl in teavitoz, qujtla
1183 2414 2413 2598 uhtiaia: moqujchtli in qujma
1181 2536 2445 2712 ca, aço quappach tilmatli, ano
1186 2643 2460 2810 co coio ichca tilmatli: auh nomo
1186 2750 2412 2915 tlauh tiaia, noqujtlauhtiaia
1183 2850 2419 3012 in Cioatl. Auh in onfenacasz xa
1190 2971 2429 3146 potlaloc: njmā ie ic qujnvivica,
1192 3083 2449 3270 mqujn chichinozque pipiltoto
1181 3248 2425 3384 ti: qujtlalia tletl, tlettaliaia,
1202 3349 2443 3489 vel mjec i copalli contepeoa tle
1180 3451 2467 3608 co. Auh ijc moteneoa techichi
1189 3577 2483 3723 nolo icalpulhuedetque, qujn
1192 3670 2432 3862 oalantimanj in pipiltotonti
