2470 3978
288 7 833 188 de la fiesta
94 235 1091 353 dos yuanse toda la gente, para
101 287 1100 406 su casa: y al estatua dei diospay
97 359 1066 472 nal, lleuauale el mesmo satra
96 427 1094 568 pa, que le auja traydo, allu
85 502 1082 662 gar donde solia estar: yuanle
112 579 1079 719 acompañando todos los viejos,
93 669 1082 789 que estauan aplicados, al ser
102 736 1072 872 ujcio de aquer dios. En acabā
103 815 1084 944 dole de poner en su lugar: des
92 903 1083 1026 cendianse al cu, yuanse asus
96 967 1046 1089 casas acomer. En acabando
87 1043 1106 1182 de comer, juntauanse todos, los
92 1138 1121 1258 mancebos, y mocoelos, y mucha
82 1220 1091 1347 chos: todos aquellos, que tenja
86 1283 1084 1416 vedixas de cabellos enel cogote,
73 1380 1109 1512 que llamauan cuexpaieque.
78 1461 1094 1591 Y toda la otra gente, se junta
78 1514 1102 1661 uan enel patro, de xiuhtecudi,
88 1611 1089 1766 acuya honrra se hazia, aesta
78 1703 1098 1835 fiesta: luego al medio dia, comē
84 1800 1112 1929 çauan abaylar, vacantar: yuā
81 1865 1087 2015 mugeres ordenadas, entre los hō
78 1956 1099 2052 bres: hinchiase todo el patio de
78 2031 1106 2175 gente, que no auja por donde
87 2123 1085 2265 salir, estando todos muy apre
93 2188 1107 2343 tados: encansandose de cantar,
74 2283 1136 2429 yde baylar, luego dauan vna grā
82 2366 1092 2517 grita, y salianse del patio, y y
96 2449 1110 2593 uanse adonde estaua el arbol
78 2539 1102 2668 leuantado, yuan quaxados los
82 2616 1125 2754 camjnos, y muy llenos de gente,
70 2698 1118 2826 Tanto que los vnos se tropellaua
69 2788 1106 2916 çon los otros. Y los capitanes de
68 2863 1114 2967 los mancebos, estauan en dere
65 2947 1085 3063 dor del arbol, paraque nadie
64 3041 1116 3177 subiesse, hasta que fuesse tiem
60 3106 1123 3248 po y defendian la subida, aca
73 3179 1096 3339 rrotacos: y los mancebos que
70 3293 1135 3416 yuan determjnados, para subir
69 3361 1115 3508 al axbol, apartauan aenpello,
66 3456 1139 3607 nes, alos que defendian la subi
63 3540 1145 3677 da: y luego se asian de las ma
72 3623 1151 3755 romas, cōmencauan asubir por
1357 29 1976 181 xocotl vetzi.
2195 44 2441 192 fo. 63.
1174 209 2287 359 ontlatlaqua. Auhm ie iuhquj
1166 319 2326 489 motlatlaqualoc, njmaic oalhuj
1166 429 2298 578 loa, o alnenechicolo, ixqujchtla
1173 544 2291 694 cael in telpochitli, yoan in telpo
1181 645 2302 800 pochtotonti in telpopochpipil
1172 780 2314 934 icuexpaltotoneque, icuex
1187 873 2293 1048 paltzitzineque: ixqujct quj
1175 1002 2304 1176 cencaoa; mjquac peoalo cujco
1176 1122 2304 1281 anolo nepantla tonatiuh, i
1165 1196 2297 1372 ic netotilo necocololo, itzatza
1176 1321 2272 1477 lan manantivi in cioa inj
1182 1441 2292 1627 uh omjto, mjt valli vel temj,
1173 1566 2339 1729 vel cacatzca, vel tzitzica, aoc vel
1179 1677 2311 1877 tetlanqujxoa, cenca nepapa
1182 1802 2359 1978 tzolo. Auh motlatziutique m ma
1173 1910 2306 2074 ieicnecaçaoaio, njman tetlaca
1189 2009 2334 2199 oaca: njman vmpa onxoqujvi,
1188 2107 2302 2308 mvmpa icac xocotl: vel neque
1176 2205 2319 2416 quecalo, vel netotocholo, vel ne
1192 2330 2308 2512 pitzmamalioa. Auh in teach
1177 2451 2370 2623 caoan, tatzaqua, mioocoquauh
1193 2547 2354 2716 mjm mac oonoc, amo motlama
1199 2666 2317 2858 chvia mjctevitequj, amoiloti
1206 2807 2263 2964 m in quauh injctevitequj:
1200 2905 2307 3081 auh m oqueztel, moqueztel
1210 3040 2315 3210 Ton moqujnpetlatiqujzque
1202 3142 2365 3300 tetzaqua: njma ie ic muchimo
1208 3251 2356 3412 tilinja in mecatl, in vepāme
1198 3374 2325 3545 catl: njman ie ic tlecoa mmeça
1209 3504 2303 3659 fitect: in cemeçatl, aco cen
1222 3590 2319 3777 tecpantli mjtech tleco, iuh
