2700 4274
252 118 933 312 del principio
42 324 1241 475 dios centzonuitznaoa, aujan toma
64 429 1250 575 do las armas, yse armauan pa
64 522 1223 651 ra pelear torciendo y atando sus
63 617 1229 733 cabellos: asi como hombres valien
54 703 1232 848 tes. Y vno dellos que se llamaua
58 794 1234 929 Quaujtl ycac: et qual era como tra
56 887 1219 1042 ydor, lo que dezian los dichos in
68 982 1190 1139 cos centzonujtznaoa, luego se lo
53 1063 1226 1205 yua adezir avitzilobuchtli que a
59 1163 1236 1301 un estaua enel vientre de su ma
74 1272 1250 1406 dre, dandole noticia dello: y leres
60 1346 1219 1489 pondia, diziendo el vitzilobuchtli.
80 1445 1229 1621 O mjtio, mjra lo que hazen, y es
79 1563 1192 1716 cucha muy bien lo que dizen:
78 1656 1238 1827 porque yose lo que tengo de ha
78 1767 1223 1942 zer. Y despues de auer acabado
90 1867 1287 2030 el consejo de matar ala chcha coatl
77 1966 1257 2114 dcue: los dichos yn dios centzonvitz
98 2092 1258 2245 ñaoa, fueron adonde estaua su
120 2165 1252 2335 more coatl ycue: y delante yua
110 2276 1219 2428 la hermana suya coyolxauh: y
115 2378 1267 2537 ellos yuan armados, con todas ar
104 2483 1278 2659 mas y papeles, y cascabeles, y dar
98 2588 1237 2732 dos, en su orden. Y el dicho qua
100 2695 1282 2834 ujtl ycac, subio ala sierra a dezir
99 2803 1228 2951 aVitzilobuchtli, como ya venjan
94 2914 1219 3038 los dichos yndios centzonujtznaoa,
109 2990 1234 3122 contra el amatarle. Y dixo el
101 3098 1255 3236 Vitzilobuchtli, respondiendole: mj
105 3190 1258 3310 rad bien adonde llegan: y dixole
102 3279 1246 3441 el dicho quaujtl ycac, que yo lle
83 3403 1294 3546 gauan avn lugar que se dize tzom
102 3490 1262 3634 pantitlan: y mas pregunto eldi
105 3568 1294 3699 cho vitzilobuchtli, ai dicho Quaujtl
88 3654 1278 3780 ycac, diziendole. A donde llegan
111 3774 1254 3922 los yn dios centzonujtznaoa: y le
122 3877 1304 4040 dixo el quaujtl ycac: que ya llegaua
1410 78 2190 258 delos dioses.
2330 125 2572 272 fo. 2.
1310 287 2523 404 caotlapinauhti ca cenca muchi
1316 405 2537 556 caoaia, cenca qualanja, iuhquj
1317 498 2518 674 in qujçaia ynjiolo, in Coiolxauh
1315 651 2524 816 quj, cenca qujnioleoaia, qujniol
1309 776 2500 958 lo cocoltiaia in j oqujchtioa inma
1302 908 2491 1059 cuele miquj injman, auh ieē
1327 1039 2499 1181 tzonvitznaoa, njman ie ic moce
1320 1154 2519 1303 caoa, moiaochichioa, auh inie
1328 1302 2512 1450 hoantin centzonvitznaoa, iuhq̄n
1330 1418 2502 1622 tequjoaque catca tlacujaia, tla
1323 1582 2499 1738 quauicujaia, quiquauicujaia
1331 1693 2527 1863 in jntzon, in jnquatzon, auh ce
1340 1833 2518 2006 itoca Quavitl icac, necoc qujtla
1345 1952 2504 2166 litinenca in itlatol, in tleinqujto
1343 2122 2512 2251 oaia centzomitznaoa, njman
1348 2239 2506 2375 comlhujaia, connonotzaia in
1366 2352 2579 2514 Vitzilobuchtli, auh in vitzilobuch
1364 2482 2612 2667 tli: quioalilhujaia in quavitl icac:
1364 2618 2565 2754 cenca tleticmomachitia no tlatzi
1358 2750 2524 2914 ne, vel xonmotlacaqujlti ie ne
1356 2890 2579 3038 njcmati, auh in ie iuhquj inie que
1365 3030 2521 3182 ne oqujcemjtoque, in ocentetix
1366 3147 2537 3305 in jntlatol, injc quimjctizque, injc
1375 3271 2567 3444 quitlatlatizque injnnan, njman
1371 3418 2602 3580 ie icvi teiacana in Coiolxauhquj,
1376 3523 2622 3716 vel muchichicaoa, mocecenquetza,
1359 3662 2616 3803 moiaochichiuhque, motlamama
1381 3804 2599 3986 caque, intechquitlalique injma
