2584 3982
944 90 1741 253 Del primero libro.
1391 280 2542 414 E. Ocnoce diablo, o qujmoteutitiaque
42 266 1270 422 Vanjdad y crueldad. E. Otro dia
1357 372 2540 534 yn veuetque, yn jtoca yiacatecutli,
65 397 1272 536 blo adoraron vrōs antepassados, al
1366 483 2546 636 yoan iacaculiuhquj: qujl inteouh in
72 508 1268 656 qual llamaron yiacatecutli, y por o
1367 591 2530 738 puchteca, cecexiuhtica, qujlhujquj.
59 587 1267 727 tro nombre iacaculiuhquj: este dezi
1362 691 2534 839 tiliaia, in puchteca: mjequjntin tla
57 708 1256 841 an ser el dios de los mercaderes: al
1373 828 2528 951 tlacuti, ispan qujmjctiaia: yoan
78 817 1228 967 qual todos los mercaderes, tenjan
1376 932 2588 1067 mjectlamantli, ynjc qujmaviztiliaia
81 924 1246 1091 gran deuotion, y le hazian fiesta
1374 1045 2534 1193 oin tlaueliltic, in iehoantin, in qujio
76 1046 1283 1162 cada año, matauan por su serujcio
79 1141 1279 1303 muchos esclauos cada año en su fies
1375 1160 2539 1299 cuxtiaque hi; occenca ointlaveliltic
72 1255 1265 1397 ta: las canas que los mercaderes
1378 1274 2147 1404 ynnomaqujlnamjquj.
71 1394 1276 1503 vsan traer de camjno, en especial
72 1473 1300 1635 mente las negras, antiguamente las
64 1595 1301 1765 trayan ahonrra deste dios. Y llegā
96 1698 1254 1854 do ala noche, acada iornada, se
76 1829 1243 1971 sacrificauan, sacando sangre de
85 1925 1282 2067 las orejas, delante de la mjsma ca
67 2025 1255 2179 ña, hincada entierra: y hazian
1418 2132 1500 2226 c
72 2124 1270 2286 otras cerimonjas, endereçando las
68 2262 1295 2395 aeste diablo. a otros quatro diablos
1437 2321 1506 2459 li
81 2366 1270 2521 que serujan tambien los mercade
69 2483 1281 2637 res, vno se llamaua chicun quja
1432 2461 1559 2671 li
2254 2504 2388 2704 A
78 2577 1276 2739 vitl, o chalmecacioatl: otro llamado
1535 2680 1682 2768 a
70 2685 1253 2834 acxomucujl, otro nacxitl, otro co
1363 2812 2545 2935 F. Oc noce diablo oqujmoteutitiaque,
81 2784 1277 2946 chimetl, otro iacapitzaoac. F. otro
1344 2913 2550 3055 in veuetque, yn itoca nappatecutli: qujl
84 2927 1244 3073 diablo, adoraron vrōs antepasa
1341 3021 2534 3163 ynteouh in petlachiuhque, yoan intla
72 3033 1230 3175 dos, al qual llamaron, nappa te
1361 3114 2515 3262 cuechiuhque. No qujtoaia ca iehoatl,
68 3144 1240 3280 cutli: dixeron que era el dios, de
1358 3209 2547 3379 qujxoaltiaia, in petlatolin, yn aztapili,
76 3273 1261 3401 los que hazen, petates y icpales: y
1352 3327 2525 3506 yn tolmjmjlli. cf. Auh cexiuhtica qujl
69 3353 1258 3521 que el fue el inuentor desta arte,
1352 3440 2522 3614 huj qujxtiliaia, m petlachiuhque, in
57 3462 1199 3649 y que por su virtud crecian y se
1336 3558 2513 3696 tolcuechiuhque, in tlacuechiuhque:
56 3581 1246 3718 criauan las espadañas, juncias, y
1349 3665 2538 3839 auh yn iquac yn jlhujuh qujçaia, yn
59 3674 1243 3860 juncos. Todos los officiales de pe
1344 3772 2519 3956 iehoantin yn jveueiovan, cenca mjec
59 3802 1253 3951 tates, e icpales, y tlacuextes: tenjā
