2712 4192
365 30 879 220 dela axte
58 250 1294 373 njan, los que sirujan de cacaos:
26 375 1249 499 y ponjan acada vno, vna xica
55 470 1278 619 ra de cacao, y acada vno le po
45 566 1246 734 njan supalillo, que llaman a
42 666 1298 857 quavitl: y las sobras del cacao
58 784 1247 950 dauan asus criados: despues
67 902 1280 1052 de auer ellos bien beujdo, y co
53 1042 1270 1161 mjdo: estauan se en sus asien
69 1121 1267 1271 tos vn ratillo, reposando. Y al
74 1237 1257 1394 gunos: aqujen no les conten
78 1338 1274 1476 taua la comjda, y beujda: le
57 1466 1262 1603 uantauan se luego enojados,
88 1557 1297 1719 y yuan se murmurando del cō
61 1671 1286 1822 bite, y del queles combido: y
80 1807 1279 1959 entraua se en su casa enojado.
77 1899 1304 2082 Y si alguno de parte del que
86 1992 1335 2182 combido, via aquello: dezia lo
73 2122 1304 2268 al señor del combite. El qual
74 2264 1290 2410 los hazia llamar: para el dia
74 2381 1324 2549 sigujente, y les daua de comex
84 2481 1304 2647 y consolaua: a este dia llama
74 2603 1306 2746 uan Apeoalco: porque enel, se
61 2697 1331 2836 acabaua todo etl combite. Alas
71 2818 1292 2993 mugeres, que comjan enotra
92 2938 1289 3100 parte: no las dauan cacao, a
73 3039 1281 3190 beuer: sino ciertas maneras
75 3155 1319 3328 de maçamorra, sembrado cō
80 3262 1338 3431 diuersas maneras de chilmulli, por
73 3387 1320 3549 encima. Y ala noche los viejos,
71 3509 1340 3674 y viejas iuntauan se: y beujan
95 3626 1341 3787 pulcre, y emborrachauan se: pa
90 3733 1298 3895 ra hazer esta borracheria, ponj
97 3829 1322 4027 an delante dellos, vn canturo
1438 20 2279 204 adujnatoria.
2390 77 2648 225 ti. oA8
1339 218 2565 385 tolivi, popolocativj, tlatetotiuj tla
1338 355 2601 524 tlanauhtiuj, tlanauhtiuj, tlanauh
1343 460 2585 610 pactiuj, ic oallatepachoticate mo
1339 573 2608 722 xixcicoticate, yn omotlalito incho.
1346 672 2586 839 yn jncalitic; auh in tlaoittoque in
1348 798 2570 952 iuh oquizque, in canoqualantia
1342 903 2564 1063 que, quimmutztlaioc occeppa quj
1347 1033 2577 1179 nana, qujmonjxxiano, qujntol
1354 1119 2591 1288 ceuja in quac ie afeoalco, in cane
1354 1226 2574 1398 chioalo, iollalilo, papaquiltilo. auh
1360 1352 2553 1501 incihoa cantlayia, acochiantzo
1363 1440 2537 1576 tzolatolli, anoço chianpitzalliz en
1365 1556 2576 1722 quia; in qujnmaca, nec panj,
1375 1691 2604 1851 anoço chilpanj, chilcozpam chil
1377 1791 2593 1963 tecpimpanj, chilchopanj, aiooa
1371 1917 2581 2085 chpanj, auh yn oioac in vevet
1374 2028 2619 2225 que yn tlamatque, tlatlaoana
1359 2153 2609 2330 mohiololoa, mocecentlalia: ymjx
1380 2294 2572 2455 panquioalquetza yn intlaoana
1373 2400 2575 2584 ia, yn jtoca xoch comitl, yoa y
1374 2510 2608 2691 nintlaoancax, in jntetlaoā, inte
1383 2667 2589 2812 tlamamaçonj, achto ie vmpeca:
1380 2764 2567 2926 in tetlaoanti, in tetlamamacac.
1388 2883 2579 3022 njma ieie iauh yn jiacac, in
1384 2977 2617 3162 tlaiacac, yn jiacaiocā, ictevipā
1389 3111 2613 3275 tiuh, tecemhilotiuh, ic ommoca
1393 3235 2569 3385 oa incuitlapilco, in tlacuitla
1399 3348 2581 3526 pilco, in tlatzaccan, quioalteca
1405 3463 2578 3645 timanj in vctli, aço izta vctli
1396 3596 2540 3751 anoço aivctli, tlachioalvctli,
1396 3717 2583 3879 notlaliloc ochichioaloc icpilla
1407 3842 2601 4003 oanoz, ontlaçacaco in xaioco
