<?xml version="1.0" encoding="UTF-8" standalone="yes"?>
<PcGts xmlns="http://schema.primaresearch.org/PAGE/gts/pagecontent/2013-07-15" xmlns:xsi="http://www.w3.org/2001/XMLSchema-instance" xsi:schemaLocation="http://schema.primaresearch.org/PAGE/gts/pagecontent/2013-07-15 http://schema.primaresearch.org/PAGE/gts/pagecontent/2013-07-15/pagecontent.xsd">
    <Metadata>
        <Creator>prov=University of Rostock/Institute of Mathematics/CITlab|PLANET AI GmbH/Gundram Leifert/gundram.leifert@planet-ai.de:name=Florentine Codex(htr_id=24784)::::v=2.6.6
prov=University of Rostock/Institute of Mathematics/CITlab|PLANET AI GmbH/Tobias Gruening/tobias.gruening@planet-ai.de:name=de.uros.citlab.module.baseline2polygon.B2PSeamMultiOriented:v=2.6.6
prov=University of Rostock/Institute of Mathematics/CITlab|PLANET AI GmbH/Tobias Gruening/tobias.gruening@planet-ai.de:name=/net_tf/LA73_249_0mod360.pb:de.uros.citlab.segmentation.CITlab_LA_ML:v=2.6.6
Transkribus</Creator>
        <Created>2020-06-23T15:23:28.583-07:00</Created>
        <LastChange>2020-06-24T05:56:29.296+02:00</LastChange>
    </Metadata>
    <Page imageFilename="FC_Vol_1_101.png" imageWidth="2614" imageHeight="4266">
        <ReadingOrder>
            <OrderedGroup id="ro_1596736933817" caption="Regions reading order">
                <RegionRefIndexed index="0" regionRef="r1"/>
            </OrderedGroup>
        </ReadingOrder>
        <TextRegion orientation="0.0" id="r1" custom="readingOrder {index:0;}">
            <Coords points="23,115 23,3838 2519,3838 2519,115"/>
            <TextLine id="r1l1" custom="readingOrder {index:0;}">
                <Coords points="2306,198 2343,202 2402,184 2511,182 2527,172 2525,83 2480,78 2434,85 2410,75 2396,88 2373,82 2358,90 2345,81 2338,89 2303,87"/>
                <Baseline points="2312,167 2337,165 2363,164 2389,164 2415,163 2441,162 2467,162 2493,162 2519,161"/>
                <TextEquiv>
                    <Unicode>fo. 33</Unicode>
                </TextEquiv>
            </TextLine>
            <TextLine id="r1l2" custom="readingOrder {index:1;}">
                <Coords points="1052,215 1103,220 1138,244 1242,191 1285,202 1335,181 1415,190 1403,67 1354,64 1323,90 1260,109 1143,85 1104,101 1039,96"/>
                <Baseline points="1058,206 1084,203 1111,200 1138,197 1165,194 1191,191 1218,189 1245,186 1272,183 1298,181 1325,178 1352,175 1379,173 1406,168"/>
                <TextEquiv>
                    <Unicode>Apenchiz</Unicode>
                </TextEquiv>
            </TextLine>
            <TextLine id="r1l3" custom="readingOrder {index:2;}">
                <Coords points="15,349 455,379 1203,328 1181,246 701,279 649,244 515,287 16,254"/>
                <Baseline points="23,326 81,326 140,326 198,327 257,328 316,330 374,330 433,332 492,333 550,335 609,336 668,336 726,338 785,338 844,336 902,336 961,334 1020,332 1078,329 1137,324 1196,318"/>
                <TextEquiv>
                    <Unicode>tura, arriba puesto, dize desta ma</Unicode>
                </TextEquiv>
            </TextLine>
            <TextLine id="r1l4" custom="readingOrder {index:3;}">
                <Coords points="1271,442 2400,409 2417,316 1462,358 1394,324 1269,356"/>
                <Baseline points="1278,429 1334,423 1391,418 1447,413 1504,408 1561,404 1617,401 1674,398 1731,396 1787,395 1844,393 1901,392 1957,392 2014,392 2071,392 2127,392 2184,392 2241,392 2297,393 2354,393 2411,393"/>
                <TextEquiv>
                    <Unicode>C. Jzcatquj, ie nocepa namechmelavilia,</Unicode>
                </TextEquiv>
            </TextLine>
            <TextLine id="r1l5" custom="readingOrder {index:4;}">
                <Coords points="28,453 401,448 521,496 598,456 1157,458 1157,383 1040,348 911,382 27,349"/>
                <Baseline points="35,438 90,441 146,443 202,444 257,446 313,447 369,447 424,449 480,449 536,449 592,448 647,447 703,447 759,446 814,444 870,443 926,440 981,438 1037,435 1093,432 1149,429"/>
                <TextEquiv>
                    <Unicode>nera. C. O quam bonus es sua</Unicode>
                </TextEquiv>
            </TextLine>
            <TextLine id="r1l6" custom="readingOrder {index:5;}">
                <Coords points="1265,563 1486,488 2417,495 2414,411 2306,395 2177,396 2119,440 1749,410 1262,462"/>
                <Baseline points="1271,521 1327,514 1384,508 1441,503 1498,497 1555,492 1612,488 1669,484 1726,482 1783,479 1840,477 1896,474 1953,474 2010,473 2067,473 2124,473 2181,473 2238,473 2295,474 2352,476 2409,477"/>
                <TextEquiv>
                    <Unicode>O quam bonus et quan suaujs est domj</Unicode>
                </TextEquiv>
            </TextLine>
            <TextLine id="r1l7" custom="readingOrder {index:6;}">
                <Coords points="28,557 593,615 974,538 1175,553 1174,476 998,441 724,514 104,489 27,527"/>
                <Baseline points="35,551 91,555 148,557 204,560 261,561 318,561 374,563 431,561 487,561 544,560 601,559 657,557 714,555 770,554 827,551 884,549 940,548 997,546 1053,545 1110,543 1167,542"/>
                <TextEquiv>
                    <Unicode>uis est domjne spiritus tuus in om</Unicode>
                </TextEquiv>
            </TextLine>
            <TextLine id="r1l8" custom="readingOrder {index:7;}">
                <Coords points="1267,604 2008,549 2177,563 2225,606 2342,574 2421,601 2417,500 2186,474 1953,469 1725,525 1658,481 1265,564"/>
                <Baseline points="1274,596 1330,589 1387,583 1444,578 1501,572 1558,568 1615,564 1672,560 1729,557 1786,554 1843,552 1899,549 1956,548 2013,546 2070,546 2127,546 2184,548 2241,548 2298,551 2355,553 2412,555"/>
                <TextEquiv>
                    <Unicode>ne spiritus tuus in omnjbus: et qujtoz</Unicode>
                </TextEquiv>
            </TextLine>
            <TextLine id="r1l9" custom="readingOrder {index:8;}">
                <Coords points="1264,679 1958,673 2035,628 2154,676 2210,641 2413,648 2412,599 2219,607 2093,554 2046,600 1879,555 1707,599 1262,604"/>
                <Baseline points="1271,669 1327,665 1384,660 1441,656 1498,652 1554,648 1611,644 1668,642 1725,639 1781,636 1838,635 1895,634 1952,633 2008,632 2065,632 2122,633 2179,633 2235,635 2292,636 2349,639 2406,642"/>
                <TextEquiv>
                    <Unicode>nequj. Y ioiaue, totecujoe diose, caticen</Unicode>
                </TextEquiv>
            </TextLine>
            <TextLine id="r1l10" custom="readingOrder {index:9;}">
                <Coords points="32,683 355,721 541,679 619,713 751,682 1145,705 1169,554 415,630 345,599 238,628 153,585 30,630"/>
                <Baseline points="38,666 94,669 150,671 206,671 263,672 319,672 375,672 431,672 488,671 544,671 600,669 656,668 713,666 769,663 825,662 881,659 938,656 994,653 1050,651 1106,647 1163,644"/>
                <TextEquiv>
                    <Unicode>nibus. et . qujere dezir. O señor dios</Unicode>
                </TextEquiv>
            </TextLine>
            <TextLine id="r1l11" custom="readingOrder {index:10;}">
                <Coords points="1259,781 1440,796 1509,738 1786,718 2371,741 2399,648 1256,707"/>
                <Baseline points="1266,759 1322,754 1378,748 1435,743 1491,738 1548,734 1604,731 1660,726 1717,723 1773,720 1830,717 1886,714 1942,713 1999,711 2055,710 2112,710 2168,708 2224,710 2281,710 2337,711 2394,713"/>
                <TextEquiv>
                    <Unicode>quizcaqualli, auh ca cenca iamanquj</Unicode>
                </TextEquiv>
            </TextLine>
            <TextLine id="r1l12" custom="readingOrder {index:11;}">
                <Coords points="34,814 413,860 668,790 767,820 838,786 1174,791 1172,692 862,729 498,703 344,768 199,690 31,683"/>
                <Baseline points="41,783 97,786 153,789 209,791 266,792 322,792 378,792 434,792 491,791 547,789 603,787 659,785 716,782 772,779 828,777 884,775 941,773 997,770 1053,768 1109,767 1166,765"/>
                <TextEquiv>
                    <Unicode>nuestro, quā bueno, y suaue est</Unicode>
                </TextEquiv>
            </TextLine>
            <TextLine id="r1l13" custom="readingOrder {index:12;}">
                <Coords points="1262,848 1558,844 1683,794 2380,835 2430,815 2425,706 2283,748 2003,715 1509,738 1447,785 1260,808"/>
                <Baseline points="1269,840 1326,834 1384,829 1441,823 1499,818 1557,813 1614,809 1672,806 1729,802 1787,798 1845,796 1902,794 1960,792 2017,791 2075,789 2133,789 2190,788 2248,788 2305,789 2363,791 2421,792"/>
                <TextEquiv>
                    <Unicode>in moiollotzin cenca titechmotlaçotilia</Unicode>
                </TextEquiv>
            </TextLine>
            <TextLine id="r1l14" custom="readingOrder {index:13;}">
                <Coords points="1261,946 1590,930 1641,887 1892,917 1963,869 2423,912 2420,835 2242,806 1799,803 1674,847 1258,861"/>
                <Baseline points="1268,920 1325,913 1382,908 1439,901 1497,896 1554,892 1611,887 1669,885 1726,881 1783,878 1841,877 1898,875 1955,874 2012,873 2070,872 2127,872 2184,872 2242,872 2299,872 2356,872 2414,872"/>
                <TextEquiv>
                    <Unicode>yn timuchinti. Jnjc vel momelaoa, q̄</Unicode>
                </TextEquiv>
            </TextLine>
            <TextLine id="r1l15" custom="readingOrder {index:14;}">
                <Coords points="44,956 125,925 438,964 586,923 798,949 883,898 1213,892 1211,813 1009,786 882,863 42,852"/>
                <Baseline points="51,908 108,909 166,911 224,912 282,912 339,912 397,912 455,911 513,911 570,909 628,908 686,906 744,905 801,903 859,900 917,899 975,897 1032,894 1090,893 1148,891 1206,890"/>
                <TextEquiv>
                    <Unicode>el vuestro espiritu, para con todos.</Unicode>
                </TextEquiv>
            </TextLine>
            <TextLine id="r1l16" custom="readingOrder {index:15;}">
                <Coords points="1271,1021 1585,1026 1890,961 2415,972 2411,909 2191,874 2101,922 2028,892 1706,938 1630,912 1269,971"/>
                <Baseline points="1278,1011 1334,1006 1390,1001 1447,996 1503,992 1560,987 1616,983 1672,978 1729,974 1785,971 1842,968 1898,965 1954,962 2011,959 2067,957 2124,956 2180,956 2236,954 2293,956 2349,956 2406,957"/>
                <TextEquiv>
                    <Unicode>toznequj. Jio totecujoe diose, in mote</Unicode>
                </TextEquiv>
            </TextLine>
            <TextLine id="r1l17" custom="readingOrder {index:16;}">
                <Coords points="49,1059 121,1022 443,1016 580,1058 699,1026 963,1073 1162,1055 1159,900 1047,953 750,973 662,933 47,955"/>
                <Baseline points="56,1022 110,1023 165,1023 220,1022 275,1022 330,1022 385,1020 440,1019 495,1019 550,1017 605,1016 659,1014 714,1013 769,1011 824,1010 879,1008 934,1007 989,1006 1044,1005 1099,1004 1154,1002"/>
                <TextEquiv>
                    <Unicode>y es como si dixesse. O señor dios</Unicode>
                </TextEquiv>
            </TextLine>
            <TextLine id="r1l18" custom="readingOrder {index:17;}">
                <Coords points="1279,1109 1884,1051 2427,1077 2411,972 1658,987 1586,1027 1381,1005 1276,1038"/>
                <Baseline points="1286,1097 1342,1093 1399,1088 1455,1084 1512,1080 1569,1075 1625,1070 1682,1066 1738,1061 1795,1056 1852,1054 1908,1050 1965,1046 2021,1044 2078,1041 2135,1040 2191,1040 2248,1040 2304,1040 2361,1041 2418,1043"/>
                <TextEquiv>
                    <Unicode>tlaçotlalitzin, ca iehoatzin in espiritu</Unicode>
                </TextEquiv>
            </TextLine>
            <TextLine id="r1l19" custom="readingOrder {index:18;}">
                <Coords points="50,1194 301,1196 373,1141 681,1126 818,1164 1173,1148 1154,1055 284,1047 197,1095 47,1100"/>
                <Baseline points="56,1134 111,1137 166,1139 222,1140 277,1140 333,1140 388,1139 443,1137 499,1136 554,1134 610,1133 665,1130 720,1128 776,1125 831,1122 887,1119 942,1118 997,1115 1053,1113 1108,1112 1164,1110"/>
                <TextEquiv>
                    <Unicode>nuestro, el vuestro omnjpotente,</Unicode>
                </TextEquiv>
            </TextLine>
            <TextLine id="r1l20" custom="readingOrder {index:19;}">
                <Coords points="1277,1201 1506,1168 2044,1190 2111,1129 2437,1134 2434,1077 2205,1085 2148,1052 2107,1088 1901,1062 1272,1116"/>
                <Baseline points="1283,1185 1340,1182 1397,1178 1454,1173 1512,1169 1569,1165 1626,1161 1684,1156 1741,1152 1798,1148 1856,1144 1913,1140 1970,1136 2027,1133 2085,1130 2142,1128 2199,1126 2257,1125 2314,1124 2371,1124 2429,1125"/>
                <TextEquiv>
                    <Unicode>sancto, camuchiueli: auh catopan</Unicode>
                </TextEquiv>
            </TextLine>
            <TextLine id="r1l21" custom="readingOrder {index:20;}">
                <Coords points="1294,1316 1645,1275 1703,1304 2059,1234 2347,1250 2443,1232 2438,1134 1289,1226"/>
                <Baseline points="1299,1278 1355,1274 1412,1269 1469,1264 1526,1260 1583,1256 1639,1251 1696,1249 1753,1244 1810,1241 1867,1238 1923,1236 1980,1233 2037,1229 2094,1227 2151,1225 2207,1224 2264,1223 2321,1221 2378,1220 2435,1220"/>
                <TextEquiv>
                    <Unicode>quivalmjoalia, yn iqualtiliz, yn j iec</Unicode>
                </TextEquiv>
            </TextLine>
            <TextLine id="r1l22" custom="readingOrder {index:21;}">
                <Coords points="69,1296 745,1301 799,1247 882,1237 1009,1271 1165,1232 1163,1165 806,1159 756,1200 600,1176 405,1218 66,1199"/>
                <Baseline points="74,1251 128,1254 182,1254 236,1256 290,1257 345,1257 399,1256 453,1256 507,1254 561,1253 616,1251 670,1248 724,1246 778,1243 832,1241 887,1238 941,1235 995,1233 1049,1229 1103,1227 1158,1224"/>
                <TextEquiv>
                    <Unicode>amor, que es el vuestro diujno,</Unicode>
                </TextEquiv>
            </TextLine>
            <TextLine id="r1l23" custom="readingOrder {index:22;}">
                <Coords points="1291,1426 1547,1353 2448,1306 2445,1256 2394,1239 1989,1239 1822,1294 1285,1318"/>
                <Baseline points="1296,1376 1353,1369 1410,1363 1467,1357 1525,1353 1582,1347 1639,1343 1696,1338 1754,1334 1811,1331 1868,1327 1925,1324 1983,1322 2040,1319 2097,1316 2154,1314 2212,1312 2269,1311 2326,1309 2383,1308 2441,1307"/>
                <TextEquiv>
                    <Unicode>tilizaviiaca in motetlaçotlalitzin: otic</Unicode>
                </TextEquiv>
            </TextLine>
            <TextLine id="r1l24" custom="readingOrder {index:23;}">
                <Coords points="83,1450 175,1395 1127,1423 1202,1398 1198,1267 983,1332 934,1289 713,1341 78,1293"/>
                <Baseline points="89,1391 144,1394 199,1395 254,1397 309,1398 365,1398 420,1398 475,1398 530,1397 585,1395 641,1392 696,1391 751,1388 806,1384 861,1382 917,1378 972,1374 1027,1370 1082,1367 1137,1362 1193,1358"/>
                <TextEquiv>
                    <Unicode>espiritu, derrama su bondad</Unicode>
                </TextEquiv>
            </TextLine>
            <TextLine id="r1l25" custom="readingOrder {index:24;}">
                <Coords points="1283,1469 2143,1423 2368,1450 2458,1396 2454,1329 1964,1376 1653,1343 1281,1432"/>
                <Baseline points="1290,1464 1348,1457 1406,1452 1464,1447 1522,1442 1580,1438 1638,1434 1696,1430 1754,1427 1812,1424 1870,1421 1928,1418 1986,1416 2044,1413 2102,1412 2160,1409 2218,1407 2276,1404 2334,1401 2392,1400 2450,1397"/>
                <TextEquiv>
                    <Unicode>muchiujlitzino, yn isqujch in qualli, in</Unicode>
                </TextEquiv>
            </TextLine>
            <TextLine id="r1l26" custom="readingOrder {index:25;}">
                <Coords points="57,1566 141,1528 598,1573 661,1532 1177,1525 1175,1431 1016,1411 650,1443 497,1410 392,1466 55,1466"/>
                <Baseline points="63,1520 118,1522 173,1524 228,1526 284,1527 339,1529 394,1529 450,1529 505,1529 560,1529 616,1527 671,1526 726,1525 781,1523 837,1521 892,1517 947,1514 1003,1511 1058,1508 1113,1503 1169,1499"/>
                <TextEquiv>
                    <Unicode>y suaujdad sobre todas las cosas</Unicode>
                </TextEquiv>
            </TextLine>
            <TextLine id="r1l27" custom="readingOrder {index:26;}">
                <Coords points="1277,1565 1557,1537 2194,1569 2396,1505 2455,1527 2453,1470 2248,1441 2185,1475 1992,1440 1726,1484 1429,1456 1275,1499"/>
                <Baseline points="1284,1557 1342,1551 1400,1545 1458,1540 1516,1534 1574,1530 1632,1526 1691,1523 1749,1520 1807,1517 1865,1514 1923,1512 1981,1511 2039,1509 2098,1509 2156,1508 2214,1508 2272,1508 2330,1508 2388,1508 2447,1509"/>
                <TextEquiv>
                    <Unicode>iectli intechca yn motlachioaltzitzin</Unicode>
                </TextEquiv>
            </TextLine>
            <TextLine id="r1l28" custom="readingOrder {index:27;}">
                <Coords points="1275,1684 1518,1645 1568,1679 1761,1668 1822,1611 2453,1643 2451,1557 2413,1545 2288,1580 1970,1545 1922,1578 1488,1573 1437,1609 1273,1588"/>
                <Baseline points="1281,1647 1339,1642 1397,1638 1455,1635 1513,1630 1572,1627 1630,1625 1688,1621 1746,1619 1804,1617 1863,1616 1921,1614 1979,1613 2037,1611 2095,1611 2154,1611 2212,1611 2270,1613 2328,1613 2386,1614 2445,1616"/>
                <TextEquiv>
                    <Unicode>hoan: ynjc muchi techpaleuiz intitla</Unicode>
                </TextEquiv>
            </TextLine>
            <TextLine id="r1l29" custom="readingOrder {index:28;}">
                <Coords points="73,1684 300,1643 819,1695 1118,1682 1187,1662 1185,1525 971,1524 899,1582 726,1563 666,1594 572,1560 522,1598 71,1560"/>
                <Baseline points="80,1640 137,1641 195,1641 253,1643 311,1643 369,1643 427,1643 484,1643 542,1641 600,1641 658,1640 716,1638 774,1637 831,1635 889,1634 947,1631 1005,1629 1063,1626 1121,1624 1179,1622"/>
                <TextEquiv>
                    <Unicode>que criastes dando atodas vrās</Unicode>
                </TextEquiv>
            </TextLine>
            <TextLine id="r1l30" custom="readingOrder {index:29;}">
                <Coords points="1291,1743 1928,1699 1984,1734 2344,1728 2441,1695 2439,1642 2393,1633 2239,1652 2076,1616 1985,1658 1911,1612 1820,1613 1740,1675 1290,1692"/>
                <Baseline points="1299,1736 1355,1731 1412,1727 1469,1722 1525,1719 1582,1716 1639,1713 1695,1710 1752,1708 1809,1706 1866,1704 1922,1703 1979,1702 2036,1701 2092,1700 2149,1700 2206,1700 2262,1700 2319,1701 2376,1701 2433,1703"/>
                <TextEquiv>
                    <Unicode>ca: auh cano vel tehoatzin titonemac</Unicode>
                </TextEquiv>
            </TextLine>
            <TextLine id="r1l31" custom="readingOrder {index:30;}">
                <Coords points="86,1797 267,1824 329,1769 701,1766 780,1811 894,1762 1168,1783 1178,1688 826,1702 720,1669 513,1699 172,1655 84,1683"/>
                <Baseline points="92,1760 146,1761 200,1763 254,1764 308,1765 362,1766 416,1767 470,1767 524,1767 578,1767 632,1767 686,1766 740,1766 794,1764 848,1763 902,1761 956,1758 1010,1755 1064,1752 1118,1748 1172,1745"/>
                <TextEquiv>
                    <Unicode>criaturas virtud de que el hom</Unicode>
                </TextEquiv>
            </TextLine>
            <TextLine id="r1l32" custom="readingOrder {index:31;}">
                <Coords points="1292,1848 1647,1800 1838,1820 1923,1779 2359,1823 2462,1786 2460,1736 2374,1719 1288,1742"/>
                <Baseline points="1298,1824 1355,1819 1413,1814 1471,1809 1529,1804 1587,1799 1644,1796 1702,1793 1760,1790 1818,1787 1876,1784 1933,1782 1991,1781 2049,1781 2107,1779 2165,1779 2222,1778 2280,1778 2338,1779 2396,1779 2454,1781"/>
                <TextEquiv>
                    <Unicode>tzin in titlaca, ynjc neci, ynje ticma</Unicode>
                </TextEquiv>
            </TextLine>
            <TextLine id="r1l33" custom="readingOrder {index:32;}">
                <Coords points="1283,1916 2387,1872 2447,1861 2445,1803 2020,1824 1936,1784 1885,1825 1282,1873"/>
                <Baseline points="1290,1905 1347,1898 1404,1893 1462,1888 1519,1883 1577,1879 1634,1875 1692,1872 1749,1870 1807,1868 1864,1866 1921,1863 1979,1862 2036,1860 2094,1860 2151,1859 2209,1857 2266,1857 2324,1856 2381,1856 2439,1854"/>
                <TextEquiv>
                    <Unicode>ti, ca cenca timotetlaoculilianj: iehi</Unicode>
                </TextEquiv>
            </TextLine>
            <TextLine id="r1l34" custom="readingOrder {index:33;}">
                <Coords points="80,1886 945,1941 1067,1880 1186,1880 1186,1789 881,1786 801,1833 553,1844 80,1797"/>
                <Baseline points="87,1868 141,1871 196,1875 250,1878 305,1880 360,1881 414,1883 469,1884 523,1884 578,1884 633,1884 687,1883 742,1883 796,1882 851,1880 906,1880 960,1878 1015,1877 1069,1875 1124,1874 1179,1872"/>
                <TextEquiv>
                    <Unicode>bre se pueda aprouechar: y a</Unicode>
                </TextEquiv>
            </TextLine>
            <TextLine id="r1l35" custom="readingOrder {index:34;}">
                <Coords points="1280,1995 1347,2022 1598,1958 2440,1951 2436,1869 2266,1854 2185,1903 1965,1866 1883,1907 1591,1898 1279,1961"/>
                <Baseline points="1287,1988 1344,1981 1401,1975 1458,1970 1516,1965 1573,1960 1630,1956 1687,1952 1745,1949 1802,1945 1859,1943 1916,1941 1974,1938 2031,1937 2088,1937 2145,1935 2203,1935 2260,1934 2317,1935 2374,1935 2432,1935"/>
                <TextEquiv>
                    <Unicode>ca catitechmomaqujlia yn moneltoco</Unicode>
                </TextEquiv>
            </TextLine>
            <TextLine id="r1l36" custom="readingOrder {index:35;}">
                <Coords points="94,2000 1186,2021 1186,1925 684,1959 94,1907"/>
                <Baseline points="101,1985 154,1988 208,1991 262,1995 316,1997 370,2000 424,2001 477,2003 531,2003 585,2004 639,2004 693,2004 747,2003 801,2003 854,2001 908,2000 962,1997 1016,1995 1070,1991 1124,1988 1178,1985"/>
                <TextEquiv>
                    <Unicode>vos mismo os comunjcais al hom</Unicode>
                </TextEquiv>
            </TextLine>
            <TextLine id="r1l37" custom="readingOrder {index:36;}">
                <Coords points="1289,2103 1673,2034 2480,2019 2476,1958 2241,1941 1284,2025"/>
                <Baseline points="1295,2072 1353,2066 1412,2060 1471,2054 1530,2048 1589,2043 1648,2037 1706,2033 1765,2027 1824,2024 1883,2018 1942,2016 2001,2012 2060,2010 2118,2007 2177,2006 2236,2004 2295,2004 2354,2004 2413,2006 2472,2007"/>
                <TextEquiv>
                    <Unicode>catzin, ynjc vel timitztiximachilizque:</Unicode>
                </TextEquiv>
            </TextLine>
            <TextLine id="r1l38" custom="readingOrder {index:37;}">
                <Coords points="1296,2182 1657,2115 1846,2138 2498,2085 2487,2011 2428,2044 1952,2032 1865,2068 1642,2043 1291,2102"/>
                <Baseline points="1301,2153 1360,2146 1419,2139 1479,2133 1538,2127 1598,2121 1657,2116 1716,2111 1776,2106 1835,2103 1895,2099 1954,2094 2013,2091 2073,2088 2132,2085 2192,2083 2251,2081 2310,2079 2370,2078 2429,2078 2489,2076"/>
                <TextEquiv>
                    <Unicode>yoan titechmomaqujlia in motenaoa</Unicode>
                </TextEquiv>
            </TextLine>
            <TextLine id="r1l39" custom="readingOrder {index:38;}">
                <Coords points="79,2102 547,2164 647,2121 1190,2118 1190,2041 1144,2030 815,2052 383,2018 233,2064 80,2039"/>
                <Baseline points="87,2097 141,2100 196,2104 251,2108 306,2111 360,2112 415,2115 470,2116 525,2117 579,2118 634,2118 689,2118 744,2117 798,2117 853,2115 908,2114 963,2111 1017,2109 1072,2107 1127,2104 1182,2100"/>
                <TextEquiv>
                    <Unicode>bre en diuersas maneras: mos</Unicode>
                </TextEquiv>
            </TextLine>
            <TextLine id="r1l40" custom="readingOrder {index:39;}">
                <Coords points="1289,2253 2451,2163 2448,2099 1878,2147 1773,2120 1444,2184 1381,2148 1285,2200"/>
                <Baseline points="1296,2237 1353,2230 1410,2223 1468,2217 1525,2212 1583,2206 1640,2201 1697,2196 1755,2191 1812,2187 1870,2182 1927,2178 1984,2175 2042,2171 2099,2167 2157,2164 2214,2161 2271,2158 2329,2155 2386,2153 2444,2150"/>
                <TextEquiv>
                    <Unicode>tiltzin, injc vel timitztouellamachti</Unicode>
                </TextEquiv>
            </TextLine>
            <TextLine id="r1l41" custom="readingOrder {index:40;}">
                <Coords points="76,2227 1162,2271 1163,2126 976,2113 881,2185 357,2173 202,2126 77,2153"/>
                <Baseline points="84,2216 137,2219 191,2222 244,2223 298,2226 351,2228 405,2231 458,2232 512,2234 565,2235 619,2235 673,2237 726,2237 780,2237 833,2237 887,2235 940,2234 994,2231 1047,2228 1101,2225 1155,2220"/>
                <TextEquiv>
                    <Unicode>trando a Vrōs sieruos, la Vrā</Unicode>
                </TextEquiv>
            </TextLine>
            <TextLine id="r1l42" custom="readingOrder {index:41;}">
                <Coords points="1303,2370 1536,2349 1674,2285 2495,2241 2491,2195 2218,2159 2008,2226 1295,2262"/>
                <Baseline points="1308,2333 1366,2323 1425,2313 1484,2306 1543,2299 1602,2291 1661,2286 1720,2280 1779,2274 1838,2270 1897,2267 1955,2262 2014,2259 2073,2255 2132,2252 2191,2249 2250,2246 2309,2242 2368,2238 2427,2234 2486,2231"/>
                <TextEquiv>
                    <Unicode>lizque: yoan titechmomaqujlia in mo</Unicode>
                </TextEquiv>
            </TextLine>
            <TextLine id="r1l43" custom="readingOrder {index:42;}">
                <Coords points="97,2377 788,2430 937,2357 1174,2364 1175,2272 406,2263 347,2313 97,2262"/>
                <Baseline points="105,2345 158,2348 211,2350 264,2352 317,2355 370,2357 423,2358 476,2360 529,2361 582,2363 636,2363 689,2363 742,2363 795,2363 848,2361 901,2360 954,2357 1007,2354 1060,2351 1113,2348 1167,2343"/>
                <TextEquiv>
                    <Unicode>benignidad, los days lumbre,</Unicode>
                </TextEquiv>
            </TextLine>
            <TextLine id="r1l44" custom="readingOrder {index:43;}">
                <Coords points="1317,2464 1790,2348 1840,2383 2203,2351 2442,2378 2493,2358 2485,2252 2089,2308 1880,2265 1673,2285 1594,2342 1310,2374"/>
                <Baseline points="1322,2420 1380,2411 1438,2403 1496,2396 1554,2389 1612,2382 1670,2376 1728,2370 1786,2367 1844,2361 1902,2357 1960,2354 2018,2350 2076,2347 2134,2343 2192,2341 2250,2338 2308,2335 2366,2333 2424,2330 2483,2327"/>
                <TextEquiv>
                    <Unicode>sacramentotzin ynic ticmopatilia, yoā</Unicode>
                </TextEquiv>
            </TextLine>
            <TextLine id="r1l45" custom="readingOrder {index:44;}">
                <Coords points="1322,2515 1779,2461 2180,2477 2269,2426 2480,2443 2477,2364 1848,2411 1656,2384 1319,2464"/>
                <Baseline points="1328,2505 1385,2497 1442,2490 1499,2482 1557,2476 1614,2471 1671,2465 1729,2460 1786,2456 1843,2451 1901,2447 1958,2444 2015,2441 2072,2439 2130,2436 2187,2435 2244,2432 2302,2432 2359,2430 2416,2429 2474,2427"/>
                <TextEquiv>
                    <Unicode>ticmuchipavilia, yoan ynic ticmuchi</Unicode>
                </TextEquiv>
            </TextLine>
            <TextLine id="r1l46" custom="readingOrder {index:45;}">
                <Coords points="77,2498 184,2471 667,2522 1001,2506 1091,2549 1206,2510 1208,2394 831,2438 163,2386 78,2416"/>
                <Baseline points="84,2459 139,2462 195,2465 251,2469 307,2472 363,2474 418,2475 474,2478 530,2480 586,2480 642,2481 697,2481 753,2483 809,2481 865,2481 921,2481 976,2480 1032,2477 1088,2475 1144,2472 1200,2471"/>
                <TextEquiv>
                    <Unicode>paraque os conozcan, y manda</Unicode>
                </TextEquiv>
            </TextLine>
            <TextLine id="r1l47" custom="readingOrder {index:46;}">
                <Coords points="1308,2618 1645,2561 1962,2578 2026,2527 2278,2570 2474,2524 2470,2460 1301,2517"/>
                <Baseline points="1314,2594 1371,2587 1429,2579 1486,2574 1544,2567 1602,2561 1659,2556 1717,2552 1774,2547 1832,2543 1890,2539 1947,2535 2005,2533 2062,2531 2120,2528 2178,2526 2235,2525 2293,2523 2350,2523 2408,2523 2466,2523"/>
                <TextEquiv>
                    <Unicode>cavilia in tanjma: inic vel tiqujcno</Unicode>
                </TextEquiv>
            </TextLine>
            <TextLine id="r1l48" custom="readingOrder {index:47;}">
                <Coords points="88,2597 357,2647 490,2609 561,2654 819,2616 1135,2642 1227,2623 1229,2544 573,2545 394,2510 88,2545"/>
                <Baseline points="96,2580 152,2584 208,2588 264,2592 321,2595 377,2598 433,2600 489,2603 546,2604 602,2606 658,2607 714,2609 771,2609 827,2609 883,2609 939,2608 996,2607 1052,2605 1108,2603 1164,2600 1221,2597"/>
                <TextEquiv>
                    <Unicode>mjentos paraque os siruan: pa</Unicode>
                </TextEquiv>
            </TextLine>
            <TextLine id="r1l49" custom="readingOrder {index:48;}">
                <Coords points="1319,2702 1625,2693 1759,2633 2507,2626 2503,2557 2267,2571 2188,2534 2103,2584 1314,2615"/>
                <Baseline points="1326,2685 1384,2678 1443,2669 1501,2663 1560,2656 1619,2649 1677,2643 1736,2638 1795,2633 1853,2628 1912,2625 1971,2621 2029,2618 2088,2616 2147,2615 2205,2613 2264,2613 2323,2613 2381,2613 2440,2615 2499,2616"/>
                <TextEquiv>
                    <Unicode>pilhuizque, in cemicac nemjliztli, in vm</Unicode>
                </TextEquiv>
            </TextLine>
            <TextLine id="r1l50" custom="readingOrder {index:49;}">
                <Coords points="97,2726 760,2727 826,2773 912,2726 1192,2733 1217,2661 98,2640"/>
                <Baseline points="105,2705 160,2706 215,2709 270,2711 325,2712 381,2714 436,2715 491,2717 546,2719 601,2720 657,2721 712,2723 767,2723 822,2723 877,2723 933,2723 988,2723 1043,2721 1098,2720 1153,2718 1209,2717"/>
                <TextEquiv>
                    <Unicode>raque conociendo os, y serujen</Unicode>
                </TextEquiv>
            </TextLine>
            <TextLine id="r1l51" custom="readingOrder {index:50;}">
                <Coords points="1312,2821 1872,2720 2481,2731 2476,2650 2154,2638 2091,2676 1849,2629 1689,2714 1306,2723"/>
                <Baseline points="1317,2784 1374,2775 1432,2768 1490,2761 1548,2753 1605,2747 1663,2740 1721,2735 1779,2730 1836,2725 1894,2721 1952,2718 2010,2715 2067,2712 2125,2710 2183,2709 2241,2708 2298,2708 2356,2708 2414,2708 2472,2709"/>
                <TextEquiv>
                    <Unicode>pailhujcac: yoan occenca ticmonex</Unicode>
                </TextEquiv>
            </TextLine>
            <TextLine id="r1l52" custom="readingOrder {index:51;}">
                <Coords points="1312,2872 1961,2841 2038,2806 2393,2844 2477,2796 2451,2730 2068,2762 1919,2723 1787,2770 1605,2751 1454,2815 1388,2780 1309,2824"/>
                <Baseline points="1319,2858 1376,2852 1434,2846 1491,2840 1549,2834 1606,2829 1664,2824 1721,2819 1779,2814 1836,2809 1894,2805 1951,2802 2009,2799 2066,2796 2124,2792 2181,2790 2239,2789 2296,2786 2354,2786 2411,2784 2469,2784"/>
                <TextEquiv>
                    <Unicode>tilia in motetlaoculilitzin: ca in iehoanti</Unicode>
                </TextEquiv>
            </TextLine>
            <TextLine id="r1l53" custom="readingOrder {index:52;}">
                <Coords points="91,2829 728,2895 824,2843 875,2872 1164,2851 1194,2750 816,2798 711,2759 660,2792 405,2746 324,2780 170,2737 92,2758"/>
                <Baseline points="99,2817 153,2820 207,2823 261,2825 316,2829 370,2831 424,2833 479,2835 533,2837 587,2838 642,2840 696,2840 750,2841 804,2841 859,2841 913,2841 967,2841 1022,2840 1076,2840 1130,2838 1185,2837"/>
                <TextEquiv>
                    <Unicode>do os, alcançen la immortali</Unicode>
                </TextEquiv>
            </TextLine>
            <TextLine id="r1l54" custom="readingOrder {index:53;}">
                <Coords points="1319,2970 1952,2947 2061,2868 2271,2904 2405,2875 2470,2911 2471,2832 1779,2837 1315,2895"/>
                <Baseline points="1325,2939 1382,2934 1439,2929 1496,2924 1553,2919 1610,2915 1667,2910 1724,2905 1781,2901 1838,2897 1895,2892 1952,2889 2009,2887 2066,2884 2123,2882 2180,2880 2237,2879 2294,2879 2351,2879 2408,2880 2466,2882"/>
                <TextEquiv>
                    <Unicode>yn momaceoaltzitzinoan, in mjtzmoro</Unicode>
                </TextEquiv>
            </TextLine>
            <TextLine id="r1l55" custom="readingOrder {index:54;}">
                <Coords points="89,2948 257,2952 337,2997 495,2973 584,3019 631,2981 912,3005 979,2956 1189,2946 1189,2899 944,2911 851,2869 648,2914 506,2875 433,2913 268,2857 90,2875"/>
                <Baseline points="96,2939 150,2944 204,2948 258,2951 313,2955 367,2958 421,2960 476,2961 530,2961 584,2963 639,2963 693,2963 747,2962 801,2961 856,2960 910,2959 964,2958 1019,2955 1073,2954 1127,2952 1182,2949"/>
                <TextEquiv>
                    <Unicode>dad: y alos que de vrōs sier</Unicode>
                </TextEquiv>
            </TextLine>
            <TextLine id="r1l56" custom="readingOrder {index:55;}">
                <Coords points="1316,3045 1573,3063 1711,2995 2399,3003 2497,2967 2494,2919 2081,2878 1988,2941 1312,2979"/>
                <Baseline points="1323,3030 1381,3024 1439,3020 1498,3014 1556,3008 1614,3003 1673,2999 1731,2994 1789,2991 1848,2987 1906,2984 1964,2980 2023,2978 2081,2975 2139,2973 2198,2970 2256,2970 2314,2969 2373,2967 2431,2967 2490,2969"/>
                <TextEquiv>
                    <Unicode>litlacalhuja, amonjman tiqujnmopo</Unicode>
                </TextEquiv>
            </TextLine>
            <TextLine id="r1l57" custom="readingOrder {index:56;}">
                <Coords points="88,3085 315,3091 389,3137 483,3089 915,3115 1225,3076 1225,2988 1023,3031 953,2997 904,3038 661,3002 528,3040 444,2992 242,3049 88,3024"/>
                <Baseline points="96,3071 152,3074 208,3077 264,3079 320,3081 376,3083 432,3084 488,3084 544,3084 600,3084 657,3084 713,3084 769,3083 825,3081 881,3080 937,3078 993,3077 1049,3074 1105,3072 1161,3070 1218,3068"/>
                <TextEquiv>
                    <Unicode>uos os offenden, no los condē</Unicode>
                </TextEquiv>
            </TextLine>
            <TextLine id="r1l58" custom="readingOrder {index:57;}">
                <Coords points="1322,3145 1444,3152 1583,3098 2496,3082 2458,2989 2239,3030 1838,3002 1750,3058 1319,3088"/>
                <Baseline points="1329,3128 1386,3121 1444,3114 1502,3108 1560,3103 1618,3098 1676,3094 1734,3090 1792,3086 1850,3082 1908,3080 1965,3077 2023,3074 2081,3072 2139,3069 2197,3068 2255,3066 2313,3065 2371,3063 2429,3062 2487,3060"/>
                <TextEquiv>
                    <Unicode>polhuja, amonjman tiqujnmotlatla</Unicode>
                </TextEquiv>
            </TextLine>
            <TextLine id="r1l59" custom="readingOrder {index:58;}">
                <Coords points="1332,3227 2501,3160 2497,3096 2428,3083 2232,3119 1627,3107 1498,3173 1411,3134 1328,3163"/>
                <Baseline points="1338,3216 1395,3210 1453,3203 1511,3198 1569,3192 1626,3187 1684,3182 1742,3179 1800,3174 1857,3171 1915,3168 1973,3164 2031,3162 2088,3159 2146,3157 2204,3155 2262,3153 2319,3152 2377,3150 2435,3149 2493,3147"/>
                <TextEquiv>
                    <Unicode>tilia, çan iujan tiqujnmononochilia,</Unicode>
                </TextEquiv>
            </TextLine>
            <TextLine id="r1l60" custom="readingOrder {index:59;}">
                <Coords points="106,3202 293,3206 399,3256 497,3203 1222,3196 1221,3141 997,3111 492,3181 322,3120 105,3150"/>
                <Baseline points="113,3191 168,3195 223,3197 278,3200 333,3201 388,3203 443,3204 498,3204 553,3204 608,3203 664,3203 719,3201 774,3200 829,3199 884,3197 939,3195 994,3194 1049,3192 1104,3191 1159,3189 1215,3188"/>
                <TextEquiv>
                    <Unicode>nais luego, mas antes los amo</Unicode>
                </TextEquiv>
            </TextLine>
            <TextLine id="r1l61" custom="readingOrder {index:60;}">
                <Coords points="1317,3310 1571,3274 1796,3299 2207,3232 2429,3253 2495,3241 2492,3180 1313,3236"/>
                <Baseline points="1323,3294 1381,3289 1439,3284 1497,3280 1555,3275 1614,3270 1672,3264 1730,3261 1788,3256 1846,3251 1905,3246 1963,3243 2021,3239 2079,3236 2137,3233 2196,3231 2254,3230 2312,3229 2370,3228 2428,3228 2487,3230"/>
                <TextEquiv>
                    <Unicode>çan ivian tiqujnmonemachtilia: inje</Unicode>
                </TextEquiv>
            </TextLine>
            <TextLine id="r1l62" custom="readingOrder {index:61;}">
                <Coords points="103,3356 332,3334 422,3377 477,3332 1006,3325 1060,3365 1216,3312 1216,3259 1006,3219 794,3282 658,3241 440,3292 250,3248 102,3269"/>
                <Baseline points="110,3311 164,3315 219,3320 274,3323 329,3325 384,3327 439,3329 494,3329 549,3330 604,3330 659,3329 713,3329 768,3327 823,3326 878,3325 933,3323 988,3321 1043,3319 1098,3317 1153,3315 1208,3314"/>
                <TextEquiv>
                    <Unicode>nestais, por vrōs sanctos pre</Unicode>
                </TextEquiv>
            </TextLine>
            <TextLine id="r1l63" custom="readingOrder {index:62;}">
                <Coords points="1332,3409 1934,3388 1987,3332 2505,3311 2501,3245 2230,3235 2145,3284 1328,3336"/>
                <Baseline points="1337,3375 1395,3372 1453,3369 1511,3365 1569,3361 1627,3357 1685,3353 1743,3350 1801,3345 1859,3342 1917,3338 1975,3334 2033,3331 2091,3327 2149,3323 2207,3320 2265,3317 2323,3314 2381,3311 2439,3308 2498,3305"/>
                <TextEquiv>
                    <Unicode>vel qujcuepazque yn jnnemiliz: camotē</Unicode>
                </TextEquiv>
            </TextLine>
            <TextLine id="r1l64" custom="readingOrder {index:63;}">
                <Coords points="1329,3500 1626,3430 2169,3404 2284,3440 2519,3400 2515,3340 2411,3360 2271,3315 2145,3364 2052,3329 1945,3384 1324,3410"/>
                <Baseline points="1334,3456 1392,3452 1451,3446 1510,3442 1569,3438 1628,3435 1687,3431 1745,3428 1804,3425 1863,3422 1922,3419 1981,3415 2040,3413 2099,3408 2157,3407 2216,3403 2275,3401 2334,3397 2393,3394 2452,3391 2511,3387"/>
                <TextEquiv>
                    <Unicode>copatzinco, in motemachticaoan, qujnno</Unicode>
                </TextEquiv>
            </TextLine>
            <TextLine id="r1l65" custom="readingOrder {index:64;}">
                <Coords points="102,3450 444,3450 663,3497 794,3455 968,3494 1220,3429 1206,3374 921,3398 742,3368 683,3404 623,3362 490,3403 330,3356 227,3394 168,3357 102,3385"/>
                <Baseline points="110,3438 165,3442 220,3444 275,3446 330,3447 385,3449 440,3449 495,3449 550,3449 605,3449 661,3449 716,3447 771,3447 826,3446 881,3443 936,3443 991,3440 1046,3437 1101,3435 1156,3433 1212,3431"/>
                <TextEquiv>
                    <Unicode>dicadores: y los fauoreceis, con</Unicode>
                </TextEquiv>
            </TextLine>
            <TextLine id="r1l66" custom="readingOrder {index:65;}">
                <Coords points="1328,3565 1598,3511 1670,3548 1898,3498 2502,3494 2485,3420 2186,3455 1701,3433 1325,3504"/>
                <Baseline points="1335,3545 1392,3537 1450,3530 1508,3524 1566,3519 1624,3515 1682,3510 1740,3507 1798,3505 1856,3502 1914,3500 1971,3497 2029,3495 2087,3494 2145,3491 2203,3489 2261,3487 2319,3484 2377,3481 2435,3478 2493,3474"/>
                <TextEquiv>
                    <Unicode>notza in tlatlacoanj: auh inmo teupisca</Unicode>
                </TextEquiv>
            </TextLine>
            <TextLine id="r1l67" custom="readingOrder {index:66;}">
                <Coords points="104,3567 282,3616 399,3563 557,3560 1142,3606 1252,3582 1253,3477 1050,3524 104,3494"/>
                <Baseline points="111,3560 167,3558 224,3558 281,3560 337,3560 394,3561 451,3562 507,3563 564,3564 621,3566 678,3567 734,3567 791,3567 848,3567 904,3567 961,3566 1018,3564 1074,3563 1131,3560 1188,3555 1245,3551"/>
                <TextEquiv>
                    <Unicode>vrōs sanctos sacramentos, para</Unicode>
                </TextEquiv>
            </TextLine>
            <TextLine id="r1l68" custom="readingOrder {index:67;}">
                <Coords points="1318,3642 2479,3584 2476,3526 2414,3518 1315,3563"/>
                <Baseline points="1325,3623 1382,3618 1439,3612 1496,3609 1554,3605 1611,3602 1668,3599 1726,3597 1783,3595 1840,3593 1898,3591 1955,3590 2012,3588 2069,3585 2127,3584 2184,3582 2241,3581 2299,3578 2356,3575 2413,3572 2471,3569"/>
                <TextEquiv>
                    <Unicode>tzitzinhoan, qujnmaca in sacramentos,</Unicode>
                </TextEquiv>
            </TextLine>
            <TextLine id="r1l69" custom="readingOrder {index:68;}">
                <Coords points="1322,3708 2488,3665 2486,3618 2353,3580 2253,3625 1320,3643"/>
                <Baseline points="1329,3686 1386,3684 1444,3682 1501,3681 1559,3678 1616,3677 1674,3675 1731,3674 1789,3672 1846,3671 1904,3669 1962,3668 2019,3666 2077,3664 2134,3662 2192,3660 2249,3659 2307,3657 2364,3654 2422,3651 2480,3648"/>
                <TextEquiv>
                    <Unicode>ynjc vel qujcuepazque yn jnnemiliz, yoā</Unicode>
                </TextEquiv>
            </TextLine>
            <TextLine id="r1l70" custom="readingOrder {index:69;}">
                <Coords points="109,3702 203,3674 618,3720 711,3673 888,3679 941,3715 1033,3676 1198,3680 1199,3601 820,3595 753,3641 627,3583 500,3628 110,3579"/>
                <Baseline points="117,3666 170,3666 224,3666 278,3668 331,3668 385,3668 439,3669 492,3671 546,3671 600,3672 654,3672 707,3674 761,3675 815,3675 868,3675 922,3675 976,3675 1029,3675 1083,3674 1137,3672 1191,3671"/>
                <TextEquiv>
                    <Unicode>que se aparten de los pecca</Unicode>
                </TextEquiv>
            </TextLine>
            <TextLine id="r1l71" custom="readingOrder {index:70;}">
                <Coords points="1333,3770 1814,3753 1903,3786 2102,3741 2174,3773 2475,3741 2493,3666 2411,3656 2327,3717 2259,3677 2152,3707 2054,3675 1331,3709"/>
                <Baseline points="1340,3761 1397,3759 1454,3758 1512,3756 1569,3755 1626,3753 1684,3753 1741,3752 1798,3750 1856,3749 1913,3747 1970,3746 2028,3744 2085,3743 2142,3741 2200,3740 2257,3737 2314,3735 2372,3732 2429,3731 2487,3728"/>
                <TextEquiv>
                    <Unicode>injc vel motetzinco pachiuizque. Auh</Unicode>
                </TextEquiv>
            </TextLine>
            <TextLine id="r1l72" custom="readingOrder {index:71;}">
                <Coords points="111,3778 996,3808 1083,3856 1237,3828 1238,3686 1207,3678 1005,3735 112,3704"/>
                <Baseline points="119,3767 174,3767 230,3769 285,3770 341,3772 396,3774 452,3776 507,3777 563,3778 618,3779 674,3780 730,3782 785,3782 841,3783 896,3783 952,3782 1007,3782 1063,3780 1118,3779 1174,3777 1230,3774"/>
                <TextEquiv>
                    <Unicode>dos, y permanezcan en vrā</Unicode>
                </TextEquiv>
            </TextLine>
            <TextLine id="r1l73" custom="readingOrder {index:72;}">
                <Coords points="1314,3855 1376,3821 2265,3837 2491,3807 2490,3735 2260,3773 2098,3741 1908,3785 1640,3752 1313,3780"/>
                <Baseline points="1322,3819 1380,3819 1438,3819 1496,3819 1554,3819 1612,3819 1670,3821 1728,3821 1786,3819 1844,3819 1903,3819 1961,3818 2019,3818 2077,3816 2135,3815 2193,3813 2251,3811 2309,3808 2367,3806 2425,3802 2484,3798"/>
                <TextEquiv>
                    <Unicode>yn amo mitzmjximachiliznequj, ynamo</Unicode>
                </TextEquiv>
            </TextLine>
            <TextEquiv>
                <Unicode>fo. 33
Apenchiz
tura, arriba puesto, dize desta ma
C. Jzcatquj, ie nocepa namechmelavilia,
nera. C. O quam bonus es sua
O quam bonus et quan suaujs est domj
uis est domjne spiritus tuus in om
ne spiritus tuus in omnjbus: et qujtoz
nequj. Y ioiaue, totecujoe diose, caticen
nibus. et . qujere dezir. O señor dios
quizcaqualli, auh ca cenca iamanquj
nuestro, quā bueno, y suaue est
in moiollotzin cenca titechmotlaçotilia
yn timuchinti. Jnjc vel momelaoa, q̄
el vuestro espiritu, para con todos.
toznequj. Jio totecujoe diose, in mote
y es como si dixesse. O señor dios
tlaçotlalitzin, ca iehoatzin in espiritu
nuestro, el vuestro omnjpotente,
sancto, camuchiueli: auh catopan
quivalmjoalia, yn iqualtiliz, yn j iec
amor, que es el vuestro diujno,
tilizaviiaca in motetlaçotlalitzin: otic
espiritu, derrama su bondad
muchiujlitzino, yn isqujch in qualli, in
y suaujdad sobre todas las cosas
iectli intechca yn motlachioaltzitzin
hoan: ynjc muchi techpaleuiz intitla
que criastes dando atodas vrās
ca: auh cano vel tehoatzin titonemac
criaturas virtud de que el hom
tzin in titlaca, ynjc neci, ynje ticma
ti, ca cenca timotetlaoculilianj: iehi
bre se pueda aprouechar: y a
ca catitechmomaqujlia yn moneltoco
vos mismo os comunjcais al hom
catzin, ynjc vel timitztiximachilizque:
yoan titechmomaqujlia in motenaoa
bre en diuersas maneras: mos
tiltzin, injc vel timitztouellamachti
trando a Vrōs sieruos, la Vrā
lizque: yoan titechmomaqujlia in mo
benignidad, los days lumbre,
sacramentotzin ynic ticmopatilia, yoā
ticmuchipavilia, yoan ynic ticmuchi
paraque os conozcan, y manda
cavilia in tanjma: inic vel tiqujcno
mjentos paraque os siruan: pa
pilhuizque, in cemicac nemjliztli, in vm
raque conociendo os, y serujen
pailhujcac: yoan occenca ticmonex
tilia in motetlaoculilitzin: ca in iehoanti
do os, alcançen la immortali
yn momaceoaltzitzinoan, in mjtzmoro
dad: y alos que de vrōs sier
litlacalhuja, amonjman tiqujnmopo
uos os offenden, no los condē
polhuja, amonjman tiqujnmotlatla
tilia, çan iujan tiqujnmononochilia,
nais luego, mas antes los amo
çan ivian tiqujnmonemachtilia: inje
nestais, por vrōs sanctos pre
vel qujcuepazque yn jnnemiliz: camotē
copatzinco, in motemachticaoan, qujnno
dicadores: y los fauoreceis, con
notza in tlatlacoanj: auh inmo teupisca
vrōs sanctos sacramentos, para
tzitzinhoan, qujnmaca in sacramentos,
ynjc vel qujcuepazque yn jnnemiliz, yoā
que se aparten de los pecca
injc vel motetzinco pachiuizque. Auh
dos, y permanezcan en vrā
yn amo mitzmjximachiliznequj, ynamo</Unicode>
            </TextEquiv>
        </TextRegion>
    </Page>
</PcGts>
