2690 4240
1337 52 2575 294 adiujnatoria. fo8x.
335 71 926 266 de la arte
1285 256 2469 413 mjc caxtoltetl machiotl, mj
22 267 1204 453 mado ce calli, y de su muyj
1278 407 2507 588 toça cecalli: ioan qujl amo
20 394 1221 583 aduersa fortuna, dezian:
1 504 1203 686 gue los hombres que enel
1280 507 2534 719 qualli, qujl in vnean tlacatia
22 587 1219 778 nacian: eran grandes ladro,
1281 631 2579 844 toqujchti, ichtecque catca teuh
32 715 1232 873 nes, luxuriolos, tahures, des
1292 809 2533 1010 tl tlacolli qujmocujtlaviaia:
31 824 1246 996 perdiciadores: y que siempre
20 925 1249 1124 parauan en mal. Y las mu
1285 923 2546 1163 mochi aimo qualhi mjnpanmo
39 1040 1249 1206 geres, que en el nacian: erā
1291 1045 2509 1286 chioaia: auh qujl ni dioo cen
49 1151 1243 1304 Derezosas, dormjlonas, yn vti
1283 1182 2495 1414 catlatziujnj, cenca cochinj, nj
28 1248 1026 1420 les: pora todo bien
1289 1311 2422 1535 man atlequalli qujchioa.
81 1544 2499 1973 l qujnto, decmo segn. Renie cuhli njn eualiqujhaia.
1326 1881 2556 2079 njman amo qualli tonalli, tlaçolli,
47 1926 1278 2078 se llama ca calli, dezian: que
1322 1998 2551 2185 teuhth iiolian, ioain norpan temo
69 2012 1310 2185 este signo, era mal afortunado,
51 2119 1260 2302 y que engendraua suciedadas
1318 2102 2580 2304 ia i omoteneuhque cioatetao, auh
45 2181 1285 2391 y torpadades. Quando reynaua:
1315 2223 2521 2407 itlem vncan mochiahioa, iomjiec
54 2301 1264 2487 descendian las diosas, que se
1322 2348 2518 2518 can omjto: iiehoan titici, occenca
59 2438 1239 2617 llaman ciuateteu: y hazian
1329 2440 2530 2632 iehoan qujnmaujztiliaia, cecenia
59 2544 1295 2729 los daños, que arriba en otras
1341 2556 2590 2732 ca qujntlamanjlicua mjnchachan,
80 2632 1285 2826 partes se andicho. Vodos los
1330 2670 2576 2851 m aqujn ipan tlacatia, cenca qujtla
71 2738 1281 2954 medicos, y las parteras: eran
1331 2775 2607 2970 tenmachiliaia, mjc ohujcan qujçaz,
86 2860 1277 3041 muy deuotos deste ligno, y en
1325 2918 2548 3072 açoiaomjqujz, axioaz, iapanto çamn
59 2972 1275 3129 sus casas le hazian sacrificios, y
1363 3010 2559 3197 popolujz anoço calaqujz, viçoz aço
91 3065 1327 3235 ofrendas. Los que nacian en este
1341 3081 2542 3314 oaoanalos, oaoanoz, acocacalioaz,
99 3183 1277 3336 ligno, dezian: que aujan de mo
1340 3243 2540 3399 aço quatlecueponjloz, aço tlepantla
97 3293 1280 3437 rir mala muexte: y todos espera
1347 3357 2608 3529 xoz, anoço qujmatlapatzcazque, que
81 3376 1311 3552 uan su mal fin, dezian: que mu
1348 3448 2555 3626 hitequjzque, anoço qujxecanazque,
92 3480 1304 3649 riria en la guerra, o seria en ella
1351 3590 2549 3742 qujxicteteoanazque, anoço can ca
90 3582 1297 3742 captiuo, o muriua acuchillado
103 3658 1349 3842 enla piedra del desafio, o le que
1364 3682 2655 3851 toçanpolozque, çatlan papachozque,
89 3770 1321 3915 mariā biuo, o le estrujarian cō
1363 3792 2574 3957 vnçan qujxixilizque, tlatzotzopotz
87 3879 1296 4080 la red, o le achucarian, o le sa
1356 3885 2651 4070 tinemj, omoço eynqujtemazque, iooca
2524 4037 2613 4213 rob
