2478 4088
1170 39 1684 228 Apendiz
177 189 1361 360 acontecio, porque alguno nos quje
1429 163 2427 387 in matlac. Auh izcatqujsa.
189 299 1350 415 re malc o haze burla de nosotios:
1427 339 2432 513 qujtlatlauhtiaia in mjecoca
171 375 1326 518 es por cierto, porque asi lo qujso
161 469 1306 612 nr̄o señor, que este fuesse su fin.
1443 468 2429 645 Nopiltze maixqujchxicsa,
158 590 1359 699 gujen puede hazer, que vna hora o
1425 568 2436 778 nili, maixqujchmotla pada.
166 663 1366 797 vn dia sea alargada, a nuestra vida
1429 715 2417 862 mochivili, maximochicaoa
160 759 1363 894 presente en este mundos pues que
160 838 1354 986 esto es assi, tened paciencia para
1417 799 2432 1019 maticcauh yn atolatl, in tli
151 939 1343 1075 sufrir los trabajos desta vida pre
1407 996 2428 1167 qui, maximelaquaoa, que
171 1037 1331 1170 sente: y la casa donde este viuja
158 1116 1340 1245 esperando la voluntad de dios: este
1411 1112 2444 1309 neltiqujtoanj, cujxcanaca
138 1210 1357 1343 yerma, y oscura, de aquj adelan
1408 1258 2433 1440 tochcocolia, cujx canaca: ila
147 1320 1316 1446 te: y no tengays mas esparança
150 1400 1322 1559 de ver vro defuncto. No conuje
1400 1397 2435 1602 queloa, ca o quimonequjltia
146 1516 1341 1651 ne que os fatigueys mucho, porla
1402 1538 2426 1737 quimjtalhuj in totrcujo, eua
136 1598 1348 1745 huerfanjdad, y pobreça que os que
137 1699 1336 1838 da. Esforcaos hijo, no os matela
1402 1684 2433 1898 vncanca itequjuh, caie yita
135 1813 1333 1944 tristeza, nosotros: hemos, venjdo a
1393 1844 2427 2025 ca itzonqujçaia, quenxoa
126 1910 1307 2038 quj, aos visitar, y a consolar con
136 1985 1325 2102 estas pocas palabras: como nos con
1396 1952 2427 2120 chioa in maoc achitzinca.
123 2090 1291 2228 viene hazer anosotros, que somos
1396 2097 2393 2280 mnaoc cemilhujtzintli cotiua
120 2206 1313 2341 padres viejos: porque ya nuestro
1400 2225 2415 2433 tlanevianj in tlalticpac. fa
124 2337 1301 2449 señor llauo ales otros, que eran
128 2404 1292 2539 mas viejos y antiguos: los qua
1423 2349 2409 2552 ynjn tlacuelehoatl onlalo
118 2488 1287 2615 les sabian mejor dezir palabras
1414 2467 2397 2670 onchichinaca in moro liozia
127 2587 1305 2716 consolatorias alos tristes: y con es
124 2693 1321 2833 to ponemos fin, anuestia platica,
1398 2634 2370 2846 in monacaiotzin, tlacuelo
105 2776 1327 2911 los que somos vrōs padres, y ma
1380 2782 2400 2958 ontlaio oatica in vnean otura
118 2895 1283 3028 dres: quedaos adios. Jluego los
1396 2908 2420 3068 cauhteoac, in vncan otliza
116 2980 1321 3126 viejos ancianos, y officiales deta
101 3089 1319 3231 jar papeles, cortauan, y apareja
1386 3005 2437 3239 tolchiaia in totecujo, tlauā
117 3194 1303 3316 uan, y atauan los papeles, de su
1378 3155 2426 3364 centlamjc xoconmomachitizia,
107 3269 1308 3425 officio, para el defuncto. J despu
1368 3304 2416 3500 nopilotl, quennel timotolila.
111 3359 1298 3520 es de auer hecho, y aparejado los
90 3472 1292 3614 papeles, tomauan al defuncto, y
1380 3406 2440 3652 nopiltie maixquich mnotlia
99 3567 1299 3712 encogianle las piernas, y vestian
1358 3579 2421 3746 xicmochivili, manocuele a
82 3663 1284 3803 le con los papeles, y lo atauan, y
2357 3718 2427 3811 ili
1386 3733 2378 3885 qujntlaocoli toçontolo, cacoal
93 3762 1315 3918 tomauan vn poco de agua, y derra
1371 3787 2423 3988 can achitzin, ictic chicatlili,
