2678 4162
373 88 828 283 libro. 1
59 322 1229 419 gun demonjo: todo esto dezian, que acon
49 402 1229 551 tecia, porque estos dioses, de que aquj,
46 476 1211 632 se trata, se aujan enojado contra el.
55 595 1262 717 Despues de acabada la fiesta, otro dia
43 683 1223 850 luego de mañana, el que auja hecho,
35 785 1250 926 la fiesta: juntauan asus parientes,
38 851 1253 1045 y asus amigos, y alos de su barrio, cō
47 962 1241 1099 todos los de su casa: y acabauan de
64 1066 1231 1208 comer, y beuer, todo lo que auja so
55 1155 1267 1301 brado, de la fiesta. A esto llamavan,
61 1259 1276 1396 apeoalo, que qujere dezir: añadidura,
56 1360 1283 1526 alo que estaua comjdo, y beujdo: nin
74 1450 1267 1641 guna cosa quedaua de comer, nj de be
79 1545 1256 1684 uer, para otro dia. Dezian que los
89 1640 1286 1776 gotosos, haziendo esta fiesta, sanauā
77 1748 1276 1911 de la gota: ode qualesqujera, de las
84 1837 1299 2034 emfermedades, que arriba se dixerō:
76 1950 1270 2140 y los que aujan escapado, de algun
85 2056 1285 2247 peligro de agua: con hazer esta fies
78 2152 1312 2320 ta, cumplian con su voto. A cabada
75 2276 1273 2442 toda la fiesta: los papeles, y adere
79 2356 1284 2527 cos, conque aujan adornado, estas y
73 2462 1238 2663 magines: y todas las vasijas, que
79 2570 1316 2732 aujan sido menester, para el combite:
77 2691 1292 2855 tomauanlo todo, y lleuauanlo, a vn
82 2761 1276 2950 sumjdero, que esta en la laguna de
91 2908 1270 3050 mexico: que se llama pantitlan, y
89 2990 977 3133 alli lo arronjauan todo.
196 3170 588 3297 cP.P.PEA
1493 83 2151 236 de los dioses
1353 294 2615 424 ichtaca tlapaloaia, yntlachtaca
1347 433 2594 589 yia inmanel çan tepiton ocon
1360 560 2630 739 palo: iuh mjtoaia tennecujlivia
1361 727 2616 872 tepantiliviia, avic momamana
1363 875 2621 1045 avic xoqujvi yn ite: yoan in aca
1354 981 2599 1161 matzicoliujia, yma qujcue
1368 1146 2623 1351 cuetza, icxi quicuecuetza, ma
1363 1319 2606 1469 copichauj, icxicopichauj, icxi
1379 1436 2580 1641 cuecuechca, yhixatotoco, ten
1373 1583 2564 1775 papatlaca, tenviviioca, itech
1386 1737 2611 1935 qujneoa: mjtoa, oqujtlavelique
1375 1857 2567 2030 in xoxouhque tepicme. Auh
1375 1970 2606 2186 yn otlathujc, njman ie ic apeoa
1382 2133 2596 2316 lo: yn apeoa çan iehoan, yni
1383 2249 2586 2449 oaniolque, in vel icalloc, incen
1379 2414 2568 2621 tlaca, cemeoa, in vel icujtlax
1382 2566 2609 2776 colloc, yn vel imecaioc: motene
1381 2713 2612 2905 oa apeoalo, iquac cempoliuja
1381 2818 2634 3013 tlatlamj, in quexqujch mocaoa
1387 2985 2577 3167 ia, in atl, in tlaqualli: yoan in oc
1392 3119 2605 3321 quexqujch omocauh xaiocamjc in
1397 3217 2604 3420 vctli, in aiuctli, in tlachioalvctli, in
1379 3352 2617 3580 iztacvctli, in cochvctli. Auh ynte
1388 3512 2630 3719 piqujnj, in tepicquj: intla coaci
1400 3686 2627 3891 vi, yn juh omjto tlacpac, ic patiz:
1394 3831 2644 4030 yoan yn aqujn atlan miquizquja
