2644 4152
343 87 926 267 del libro.
39 317 1105 459 Y otro hilo colorado, y vna man
33 386 1091 572 ta, y vn maxtli. Jlas naguas,
27 505 1072 634 y camisas, y todo hato, de mu
38 559 1109 754 ger defuncta, que dexaua enel
42 688 1106 833 mundo, todo lo tenjan enbuer
38 773 1077 961 to, desde que se muria, alos
42 887 1096 1042 ochenta dias, lo quemauan.
38 979 1111 1131 Y lo mesmo hazian, al cabo del
54 1066 1160 1233 año, y alos dos años, y alos tres
45 1182 1088 1366 cños, y alos quatro años, es
50 1269 1141 1437 tonces se acabauan, y cumpli
49 1369 1145 1529 an las obsequjas, segun tenjan
61 1473 1161 1627 costumbre: porque dezian, que
60 1579 1133 1730 todas las ofrendas, que hazian
63 1664 1154 1845 por los defunctos, eneste mūdo,
61 1790 1142 1921 yuan delante el diablo, que se
89 1858 1155 2030 dezia Mictlan tecutli. Jdespu
89 1970 1161 2154 os de pasados, quatro años, el
99 2071 1200 2262 defunto se sale, y se va alos nu
114 2178 1162 2365 ee ynfiernos, donde esta, y
82 2248 1173 2446 pasa vn rio muy ancho: y alli
84 2382 1181 2569 viuen, y andan perros, en la ri
74 2492 1184 2673 bera del rio, por donde pasan
76 2616 1193 2772 los defunctos nadando, encima
89 2691 1179 2872 de los perritos. Dizen que el de
79 2796 1216 2993 funto, que llega ala ribera del
101 2907 1209 3067 rio, arriba dicho, luego mjra el
94 3001 1220 3156 perro, si conoce asu amo, luego
110 3101 1216 3247 se echa nadando al rio, hazia
93 3200 1210 3361 a otra parte donde esta su a
92 3302 1237 3467 mo, y te pasa acuestas: por es
102 3403 1223 3561 ra causa, los naturales solian
98 3510 1266 3693 tener, y criar los perritos, para
108 3620 1244 3753 este efecto. Jmas dezian que
112 3705 1228 3869 los perros de pelo blanco y ne
120 3806 1245 3995 çeo, no podian nadar, y pasar
2187 60 2466 200 fo.26
1372 76 1485 220 zi
1164 182 2345 389 atle itlatquitzin icanjuhiauh, co
1168 308 2360 498 ca tlaihjiovia cenca motolinja, in
1161 419 2354 633 ic quica itzehecaian. Auh yoā
1190 556 2354 721 centotl chichiton quivicaltia is
1191 681 2340 838 hincoci, concozcatia potonqui
1183 791 2343 976 icpatl, quilmach quipanamitz
1212 872 2365 1058 chicunaoapan in mjctlan, aut
1198 982 2373 1195 in quac onaxioa initechmjc
1202 1120 2348 1286 tlantecutli, quitlamamaca
1221 1194 2422 1412 tlalticpac in tleinqujnchichivilia
1220 1349 2360 1503 mimicque in evilotl, ocotlena
1215 1463 2363 1674 mactli, yoan quiqujmiloaia
1235 1613 2346 1789 acaquavitl, yoan potonqui,
1250 1707 2435 1905 yoan chichilicpatl, aco ytilma
1234 1845 2450 2041 anoço ymaxtli: auh in cihoatl
1261 1952 2459 2165 icue, ivipil, yoa inie muchiitla
1271 2120 2418 2315 tlatquj, in oquicauhteoac mu
1273 2250 2466 2420 chi quiquimiloa, in iquac nap
1270 2356 2461 2544 poaltica iquac tlatla, no iuh
1281 2504 2476 2668 muchioaia yi quac ceexiuh
1275 2621 2453 2803 tlca. yoan inquac oxciuhti
1298 2739 2494 2934 cayoan inquac iexiuhtica:
1301 2889 2460 3042 auh iniquac nauhxiuhtica
1305 3002 2476 3148 cacen in conchioa: auh injn
1325 3120 2460 3317 quilmach muchitechonaci
1324 3254 2491 3417 in Nlictlan tecutli: auh mo
1323 3385 2472 3550 tzonquiz nauhxvvitl, njman
1315 3519 2464 3671 ioic iauh in chicunauhmjc
1341 3645 2501 3805 tlan, icac atl patlaoac, ie vn
1340 3762 2445 3930 çan intepanavia chichime
2471 3974 2582 4078 rrp
