2572 4080
496 106 907 290 Libro.
36 299 1207 503 hijos, que fue el plazer de a
56 478 1192 620 uer los tenjdo: y por esto se
56 561 1187 708 dezia: que era como bestia
56 649 1203 814 fiera, este signo. Pos que na
62 766 1208 917 cian enesta primera casa: ne
53 896 1207 1020 se baptizauan, hasta la terce
64 959 1224 1141 ra: que se llamaua yey oceluti
46 1091 1214 1230 Dezian los astrologos: que las
58 1223 1235 1366 terceras casas, de todos los si
57 1303 1210 1474 nos: eran bien acondicionados
41 1432 1203 1603 La segunda casa, deste sig
75 1530 1249 1669 no: se llama vme acatl, dezian
90 1654 1214 1795 que esta casa, erabien a fortu
74 1756 1232 1906 nada: Porque dezian: que exā
63 1844 1253 2004 de tezcatlipuca: porque tenja
71 1963 1251 2124 la cara pintada, como la yma
79 2065 1260 2255 gen de tezcatlipuca. Y algunos
70 2162 1272 2353 por su deuocion: lleuauan asus
84 2302 1232 2448 casas la ymagen de vmacatl
67 2387 1269 2562 y tenjan la alla docientos di
83 2525 1243 2684 as, y lleuauan la asu casa,
87 2662 1270 2786 en la mjsma casa de vmacatl
66 2776 1276 2943 Caquarta casa: se llamaua na
92 2881 1259 3052 uj quauhtli.Y la qujnta: ma
85 2982 1274 3157 cujlli cozcaquauhtli.  la sex
86 3103 1271 3250 ta chiquacen olin, dezian. Que
101 3210 1266 3348 todas estas casas: eran infell
85 3311 1273 3454 ces. Y que los que en ellas naci
85 3412 1279 3582 an: serian desdichados, y mal
99 3539 1266 3687 acondicaionados, y reboltosos
98 3652 1275 3807 y malqujstos. I dezian los as
89 3770 1279 3925 trologos: que los que nacian en
1586 121 1735 298 q̄ o
1268 290 2469 440 tiuj, mocemjchictivi, oncemoti, onma
1288 426 2459 549 toca, onmototocatiuj, onjehictiuj, ao
1274 508 2474 677 cac moçaoa, i oc ce conpeoalti mjquj,
1271 629 2459 789 tli, mjquiliztli, iuhqujnotli patlaoac
1280 717 2466 893 qujmonquechilia, yoampooan, icet
1292 823 2448 966 caiooan, itlapancaiooa, itzicueoallo
1286 949 2469 1085 oa, y cotoncaoa, icotoncaioa, iezcoan,
1278 1047 2490 1188 itlapalloa: iutiqujn ipantlatlatzinj,
1288 1147 2501 1323 mteta, intenan, iiocamoquetztiqujça,
1281 1236 2458 1412 motztimotlalia, mjxaioujtoma, mjc
1300 1350 2444 1540 oqujmonpolo ypilhoan, çaitolol, l
1307 1491 2480 1613 malcoch qujchiuhtica, centlamjc quj
1307 1588 2473 1741 mattica, qujcentlamjtica, oiaque in
1300 1707 2489 1844 intech oatlamatia, mjntech ocuecue
1296 1812 2465 1959 notia, moqujmonpopoaca, mjxco
1312 1918 2480 2070 oqujnmanaia, i oqujtepeujtinen
1306 2029 2458 2153 ca, mocololtiujtinenca, in oqujtete
1309 2136 2489 2280 peujaia, ocoololtiujaia, oqujmomc
1310 2219 2471 2377 tocac, omonelchiuti, ie onmanelh ona
1319 2336 2464 2505 pilhoati, ie onmanelli oqujmjttac: i
1313 2458 2490 2599 hoatl mjc mjtoa, amo qualli tonaul,
1331 2568 2447 2704 çan tequanj, motqujtica icnoiotl:
1320 2668 2464 2824 auh in aqujn ipan tlacatia, maa no
1334 2791 2495 2912 caltiaia, qujnjpan caltiaia, mey bee
1327 2928 2474 3043 lotl, cemjlliujtonalli, iuhqujtoaia;
1331 3023 2498 3164 in tonalpouhque, camuchipa qualca
1325 3097 2515 3245 meitiocua, amonetenmachoia, iehoal
1345 3199 2513 3383 mjcqujoallatotoqujliaia tonalpouli
1344 3361 2492 3509 que, mjc achi vncan qujqualtiliaia
1344 3438 2500 3575 itonal, mjpan tlacatia ce malinalli.
1348 3548 2510 3720 Aut in qujtoqujlia vme acatl tonaii
1359 3685 2494 3821 qujtoaia vet qualli in tonalli: ipom
1345 3792 2472 3929 pa cano vncan qujtonaltiaia yn
