2658 4172
259 69 943 236 de los edificios,
81 240 1138 401 tres braças, o cerca: de altura debra
82 343 1111 461 ça ymedia, no tenja cubertura
74 409 1142 540 ninguna en este incensaua el sa
66 507 1135 631 trapa de titlacaoa: cada dia in
70 559 1137 705 censaua, hazia las quatro partes
79 632 1157 792 del mundo. Tambien aeste edificio
87 735 1151 869 subia aquel mancebo que se eria
80 811 1149 959 ua, por espacio de vn año, para
86 868 1163 1026 matarle en la fiesta del dios Titla
88 966 1131 1094 caoan: alli tañja con su flauta,
86 1044 1128 1167 de noche, o de dia, quando que
80 1141 1142 1273 ria venjr: y acado de tañer, in
82 1209 1143 1344 censaua hazia las quatro partes
73 1268 1176 1429 del mundo, y luego se yua para
83 1400 463 1525 su aposento.
68 1487 1142 1638 El dezimo sexto edificio, se llama
81 1583 1172 1723 quauhxicalco segundo: este edificio
87 1665 1154 1799 era como el ya dicho, delante del,
76 1744 1156 1887 leuantauan vn arbol, que se lla
87 1830 1122 1953 maua xocotl, compuesto con mu
98 1912 1144 2044 chos papeles: y encima deste cu, o
105 1997 1150 2110 mumuztli, paylaua vn chocarre
99 2080 1173 2196 as, vestido como el anjmalejo, que
117 2150 1159 2270 sellama techalotl, que es ardilla
90 2346 1180 2528 El dezimo septimo edificio, se llama
87 2485 1141 2586 ua teccalco: este era vn cu, donde
94 2573 1141 2666 cada año hechauan viuos, en yn
83 2626 1219 2740 gran monton de fueso, muchos cap
75 2693 1175 2823 tiuos, en la fiesta que se llamaua
87 2774 1172 2882 teutloco: y hazian los satrapas, a
75 2861 1162 2969 quella cerimonja, que se llama
88 2923 1185 3040 amatlaujtzoa, como se dixo en
82 2997 998 3141 la mjsma fiesta de Teutloco.
383 3132 470 3272 s
133 3217 257 3291 .
280 3203 374 3320 lA.
125 3267 185 3356 E
741 3249 1141 3426 P.zn.
87 3363 1191 3536 El dezimo octavo edificio, se lla
86 3485 1219 3613 maua tzompantli: eran vnos ma
87 3557 1174 3680 deros hincados, tres o quatro, por
81 3634 1195 3761 los quales estauan passadas vnas
92 3699 1216 3848 hastas, como delanca: en las qua
90 3783 1201 3919 les estauan espetadas, por las si
87 3872 1223 4003 enes las cabeças, de los que mata
99 3919 508 4064 uan enel cu.
1447 48 2037 227 del templo
2357 82 2634 219 fo. 112.
1205 262 2477 426 yn jtoca catca yiopuch, yoan vnean
1203 374 2420 530 vallapitzaia in diablo: in qujtoa
1187 484 2446 630 ia titlacaoan: auh in ontlapitz
1199 595 2400 734 njman yeic tletema: auh in on
1195 713 2435 870 tloten, njman ic calaquj: çan
1195 803 2435 972 mumuztlae iuh qujchioaia, a
1211 926 2395 1103 ço iooan, anoço ce mjlhujtl.
1221 1149 2270 1339 Occecnj quauhxicalco,
1197 1400 2429 1571 Inquauhxicalco: vncan mjtotiaia
1223 1518 2435 1670 in techalotl yxiptla, yoan vnean
1224 1621 2412 1778 moquetzaia in mjtoaia: xocotl,
1225 1732 2399 1880 çan quavitl, yoan qujtlamama
1233 1860 2386 2006 caia, yamaneapan, yamapan
1245 1969 2500 2130 Auh ipan in teutleco muchioaia:
1237 2069 1751 2211 no cexiuhtica.
1286 2197 1765 2379 oTecalo,
1224 2370 2446 2529 Inteccalco, vncan netlepantlaxo
1231 2519 2431 2655 ia: vncan qujntlepantlacaia in
1235 2613 2467 2783 mamaltin: çan no ipan in teutle
1249 2740 2425 2892 ço muchioaia, nocexiuhtica.
1252 2831 2473 3019 Auh yn onnetlepantlaxoc: njman
1247 2953 2448 3137 yeic oaltemo in tlamacazque, nj
1236 3074 2208 3241 man yeic amatlavitzoa.
1341 3227 1976 3400 Tzumpantli
1254 3390 2425 3568 Intzumpantli: vncan qujçoia
1270 3534 2411 3670 in mamaltin intzonteçon, in
1257 3627 2501 3801 qujntlepantlaçaia, in vmpa i
1263 3739 2485 3906 quja teccalco: çanno cexiuhtica
1272 3867 1847 4027 yn muchioaia.
