2658 4242
731 103 1153 298 Apendiz
108 334 1303 477 copal sobre las brasas: y buego yuā
113 433 1267 538 delante de la estatua del demo
117 511 1304 658 njo, y leuantauan el incensario
118 582 1276 720 hazia las quatro partes, del mu
97 678 1264 809 do como ofreciendo aquel inei
96 759 1287 909 enso, alas quatro partes del mun
111 854 1261 997 do: y tambien incensauan ala
111 947 1322 1046 estatua. hecho esto, tornauan las
126 1037 1261 1158 brasas, al fugon: esto mjsmo hazi
118 1098 1289 1222 an, todos los del, pueblo ensus ca
109 1209 1289 1334 sas, vna vez ala mañana, y otra
126 1287 1286 1399 ala noche, incensando alas esta
115 1372 1301 1475 tuas, que tenjan en sus oratorios,
108 1459 1316 1584 o en los patios, de sus casas: y los pa
112 1532 1267 1659 dres y las madres, compelian a
111 1603 1286 1736 sus hijos, que hiziessen lo mjsmo
105 1701 1222 1836 cada mañana, y cada noche.
123 1992 1294 2134 Del ofrenda del incienso, o copal: vsa
112 2087 1295 2214 uan estos mexicanos, y todos los de
114 2153 1319 2308 nueua españa, de vna gomablā
115 2229 1298 2405 ca, que llaman copalli, que tam
97 2332 1297 2479 bien agora se vsa mucho, para in
116 2429 1331 2545 censar asus dioses : no vsauan del
106 2502 1281 2638 incienso, aunque lo ay enesta, tie
109 2583 1306 2708 rra. Deste encienso, o copal, vsauā
115 2673 1276 2790 los trapas en el templo: y toda la
127 2738 1318 2878 otra gente en sus casas, como se dixo
117 2827 1328 2951 arriba. Y tambien lo vsauan los i
109 2910 1282 3036 ezes, quando aujan de exercitar
121 2966 1304 3115 algun acto de su oficio, antes quele
125 3057 1331 3221 començassen, echauan copal en el fue
104 3147 1304 3306 go, en reuerencia de sus dioses, y
124 3241 1283 3367 de mandandoles ayuda. Tambien
114 3322 1297 3452 hazian, esto mjsmo, los cantores de
99 3401 1294 3544 los axeytes: que quando aujan de
113 3494 1304 3603 comencar: acantar, primero echa
108 3559 1316 3711 uan cōpal en el fuego, a honrra de
108 3663 1348 3804 sus dioses, y demandanido les ayuda.
114 3809 1307 3955 Y sauan vna cerimonja oeneralmen
89 3909 1285 4035 te, en toda esta tierra hombres, y
96 4013 1287 4148 mugeres, njños: y njñas: que quan
1583 97 2282 291 del olibro2.
1377 288 2561 469 yn iquac onauh campa conjiauh
1367 423 2585 558 ic njman contema in tlequazco,
1374 480 2599 702 vncan popocatica in copalli. Auhl
1363 613 2594 822 ynjc muchioaia: no yooatzinco
1368 719 2602 938 in qujmjxitiaia in tepilhoan, in
1372 830 2583 1054 oqujchtin, in anoço cioa qujmj
1356 967 2578 1146 xitiaia intenaoan, inteta
1392 1034 2623 1271 oanynjc tletamacazque ieuh
1391 1149 2618 1362 ca qujmjxitiaia inic amo tla
1400 1265 2620 1465 tzivizcujzque tectian in muchi
1386 1445 1829 1564 oaia yn
1451 1720 2261 1904 Copaltemaliztli.
1411 1942 2584 2141 Auh in copaltemaliztli ic mu
1399 2061 2600 2256 chioaia, yn jquac in tlein tla
1397 2172 2589 2372 tolli iemjtoz, aco tecutlatolli
1403 2343 2570 2490 iemitoz, achto contemaia in
1399 2447 2565 2603 copalli, in tleco: an aqujn ie
1413 2569 2579 2707 tlatoz, çan vnean manca: in
1408 2679 2559 2821 copalli xicaltica: anoço cuj
1405 2796 2555 2963 canj in iecujcaz, tepeoaz, c
1398 2889 2586 3063 to contema in copalli intle
1401 3044 2595 3185 quazco, njman ic peoa in cuj
1396 3145 1603 3265 canj.
1550 3362 2290 3569 Tlalqualiztli.
1411 3593 2585 3754 Intlalqualiztli ic muchioa
1396 3670 2620 3879 ia, iquac incampa oalhusjia
1400 3826 2639 3992 oaia, muchi tlacatl ontlalqui
1411 3931 2619 4123 ia, ica in ce imapil, aço ispar
