2586 4060
2214 74 2466 197 fo. 31.
1083 48 1441 225 Apendiz
1284 221 2392 339 tin, diablome, tzitzitzimj, culeleti.
44 222 1235 368 njos: ansi lo testifica, la sagrada es
58 342 1195 487 criptura, diziendo. Omnes dij ge
47 446 1198 600 tium demonja: qujere dezir. To
1942 509 2350 669 asues
1409 571 1444 662 l
58 548 1196 733 dos los dioses, de los gentiles, so
1284 649 2452 774 E. Ointlaueliltic, in qujnmoteutiti aque
45 674 1189 826 demonjos. E. O malauentura
1299 714 2489 885 in iehoantin in tzitzitzimi, cauel qujmaxil
62 772 1205 943 dos de aquellos que adoraron, y
1296 812 2478 935 tique tlaueliloque, vel toiaohoan, vel to
1303 891 2468 1022 tecuculicahoan, in tlalticpac titlaca. O in
61 920 1219 1049 reuerenciaron, y honrraron, at
1308 961 2483 1105 tlaueliltic in qujnmacaque, yn jmezço,
55 1016 1196 1193 malas criaturas, y tan enemigos
1297 1055 2451 1212 yn inpilhoan, yn jniollo in jnvampoan:
1317 1143 2469 1298 yn iehoantinjn ointlaueliltic, in qujmic
64 1142 1186 1304 del genero humano : como son los
1312 1218 2453 1391 notlatlauhtiaia in jmispan tlalquaia,
63 1238 1216 1425 diablos, y sus ymagines: y por hō
1317 1310 2488 1440 in diablosme: yoan yn jmixiptlaoan ynic
65 1378 1213 1539 rrarlos, ofrezian su propria san
1307 1400 2464 1553 qujmjtlaniliaia, in tlein intech mone
1325 1456 2489 1637 quja: cenca moztlacaujaia, ynic moma
69 1479 1207 1658 gre, y la de sus hijos, y los coraço
1309 1561 2452 1707 tia ca in iehoantin, vel qujtemaca, injs
71 1627 1238 1758 nes, de sus proximos: y los dema
1305 1648 2459 1822 qujch in tetlamachti, in isqujch tecujlto
70 1728 1208 1892 dauan, con gran humildad, to
1301 1713 2489 1898 no. Yoan cano iehoanti, tepaleuja, tema
1300 1838 2438 1956 nauja, yoan temaqujstia: in iuh mo
64 1844 1209 1975 das cosas necesarias: pensando
1296 1883 2454 2034 matque hi, in amoculhoan, cenca omo
68 1968 1235 2106 falsamente, que ellos, eran pode
1301 1952 2452 2105 tlapololtique, yoan cenca otetlapololti
1307 2046 2488 2220 que. Auh yn ipampa injc vel qujcnopil
77 2062 1208 2214 rosos, para los dar, todos los bie
1290 2122 2470 2293 huizque, in tlein qujnequja in iollo: imis
60 2164 1204 2322 nes, y librarlos, de todos los ma
1300 2219 2464 2378 pan tlamanaia in diablome, moçaoaia,
70 2296 1216 2471 les: y para alcançar esto, hazia
1310 2309 2473 2459 istoçoaia, mjçoia, ctlatlauhtiaia, mjec tla
1315 2411 2466 2552 mantli ynjc qujtoneoaia, ynjc qujchi
70 2407 1238 2572 laroas oraciones, y se afligian, cō
1312 2483 2469 2634 chinatzaia in jnnacaio, injmispan in
67 2517 1223 2703 muchos ayvnos, y vigilias: y ha
1308 2563 2495 2700 diablome, in tzitzitzimj: no yoan cenca
2237 2636 2311 2689 na n
1308 2663 2491 2797 mjectlamantli ventli, in qujmaja: in vē
70 2656 1229 2787 zian otras muchas asperezas, en
1318 2747 2452 2878 muchioaia in chalchiujtl, in quetzalli,
76 2759 1272 2897 sus cuerpos: y los ofrezian piedras
1314 2826 2490 2998 in patlaoac in vitoliuhquj, in vel xopa
72 2874 1230 3027 preciosas y mantas rizas, y plu
1302 2914 2489 3060 leoac: yoan in tlaçotilmatli, in tlaçotlā
70 2991 1219 3141 mages de gran valor, y flores, y
1307 3018 2486 3173 quj. Yoan imjxpan qujmanaia, inne
1322 3095 2495 3237 papan xuchitl: yoan miec tlamantli, in
66 3105 1252 3254 olores, de mjl maneras: adoravā,
1296 3182 2483 3339 copalli: in juh qujchioaiahi, ca ic qujnma
55 3214 1193 3367 honrrauan, y reuerenciavan,
1320 3265 2477 3408 uiztiliaia in jniaohoan, yn jntecuculi
71 3318 1204 3490 asus mortales enemigos: y que
1311 3385 2479 3489 caoan, yn jntetolinjcaoa: in atle intech
60 3428 1242 3581 no solamente, no merecen honrra,
1311 3484 2475 3573 monequj mavizçotl, yn atle intechmo
1302 3533 2455 3650 monequj tetlaçotlaliztli: ça can mone
59 3554 1229 3707 njreuerencia ninguna: pero me
1314 3614 2451 3756 quj cenca telchioalozque, tlaellitaloz
66 3653 1243 3800 recen ser aborrecidos, de testados
1311 3704 2476 3848 que, cuculilozque: iehica ca tlacemjsna.
