2554 4062
547 58 1040 266 del libro.
51 272 1050 442 se criauan, enel telpuch
61 399 238 522 cali.
61 585 1094 765 En entrando en la casa, de tel
67 746 1114 871 puchcali, el muchacho: dauan
69 824 1110 959 le cargo de barrer, y limpiar
76 891 1111 1043 la casa y poner lumbre, y ha
73 1004 1102 1136 zer los serujcios, de penjtencia
86 1091 1090 1241 aque se obligaua. Era la cos
84 1187 1096 1342 tumbre, que ala puesta del
81 1292 1120 1418 sol, todos los mancebos, yuan
90 1369 1108 1537 abuylar, y dançar a la casa,
101 1476 1146 1632 que se llamaua cujcacalco, ca
107 1583 1186 1753 da noche, y el muchacho tam
95 1676 1160 1820 bren baylaua, conlos otros mā
113 1775 1138 1954 cebos. Jllegando alos qujnze
115 1859 1184 2052 años, y siendo ya man cebillo,
135 1982 1171 2142 deuauanle consigo los mance
140 2081 1145 2244 al monte, atraer la leña,
139 2190 1201 2324 que era necesaria, para la casa
132 2283 1156 2448 de telpachcali, ycujcacalco, y
138 2395 1180 2555 rargauanle al mancebo, vn le
132 2473 1199 2653 to gruelso, o dos, para probar
143 2563 1194 2767 y ver, si ya tenja abilidad,
125 2700 1201 2845 para lleuarle, ala pelea: y si
127 2778 1189 2972 endo ya abil para la pelea
125 2904 1225 3088 tleuauanle, y caroauanle las ro
144 3020 1221 3189 delas, paraque las lleuasse a
152 3100 1238 3295 cuestas. J si estaua ya biencri
153 3214 1233 3386 cado, y sabia las buenas costr
146 3311 1272 3494 gres, y exercicios, aque estaua
153 3439 1266 3605 obligado, elegianle para ma
157 3548 1226 3702 estro de los mancebos, que se
155 3631 1252 3805 llama tiachcauh. Jsi era ya
166 3710 1266 3922 hombre valiente, y diestro: ele
2069 64 2331 204 fo. 22
1219 53 1331 245 F
1154 199 2291 412 in quitequipanoaia yn vncā
1159 312 2270 479 mutcaitiaia mooapaooaia tel
1171 436 1600 638 puchcali.
1170 559 2314 769 AAuh in iquac ocalac intelpuch
1172 691 2345 899 cali, niman vel qujtequitia intlach
1186 810 2298 1034 panalli in tletialiliztli, auh nj
1174 936 2314 1146 man conpeoaltia in tlamaceoa
1202 1031 2318 1275 liztli: yn iquac cujco iooaltica
1236 1188 2313 1430 in mjtoa: cuicoanolo j, vncan te
1204 1337 2342 1510 hoan nemj, tehoan injtotia fe
1237 1473 2343 1630 hoan initoa cujcoianoia, auh
1230 1589 2372 1788 in iotelpuchtontli, njman quivi
1221 1719 2376 1931 ca in quauhtla, quimamaltia,
1243 1851 2396 2087 in quilhuja m miliuhqujqua
1260 1997 2388 2210 vitl, açoçan occentetl, anoçoni
1271 2135 2394 2302 man vncan ontetl, ic qujieie
1265 2276 2365 2457 coa, yn acoieiel aciz iaoe.
1271 2409 2380 2587 in ievestelpuchticatontli, qui
1289 2535 2439 2716 vica iniaoc, çan occhimalli
1293 2678 2404 2858 in qujmamatiuh, auh inie
1298 2796 2439 2984 vel telpuchtli, in tlamozcaiia
1319 2935 2479 3101 in tlammati, in tlatolmelaoac,
1322 3050 2453 3278 auh occenca iehoatl in tlaie
1321 3199 2490 3373 uoioyiollo, nman taehcauh
1336 3302 2481 3507 tlalllo, tocaiotilo Tachcauh,
1339 3481 2482 3648 auh intla ovel macic oqujch
1353 3607 2465 3780 tli, in tlaoccenca mozcalia
