1960 2738
401 -1 726 104 Libro. 1.
171 116 977 293 Libro primero, en que se trata, de
160 263 963 345 los dioses que adorauan, los natu
160 338 972 428 rales, desta tierra: que es la nue
162 413 439 498 ua españa
168 497 963 599 Capitulo primero, que habla,
163 581 971 671 del principal dios: que adorauā,
168 645 978 747 y aqujen sacrificauan los mexica
166 713 868 827 nos llamado vitsilubuchtli.
466 807 973 932 ste dios, llamado vitsilubuch
457 915 983 994 tli, fue otro hercules: el qual
473 962 977 1047 fue robustisimo, de grandes
443 1014 977 1115 l fuerças, y muy belicoso: grā
267 1036 389 1120 l
412 1066 987 1164 destruydor de pueblos, y ma
163 1133 971 1226 tador de gentes; en las guerras, era como
175 1198 975 1264 fuego biuo, muy temeroso asus contrarios:
156 1242 967 1335 y assi la deuisa que traya, era vna cabe
176 1294 972 1380 ça de dragon, muy espantable: que echa
165 1344 968 1418 ua fuego, por la boca. Tambien este, era
169 1408 972 1487 nigromantico, o embaydor: que se trasfor
168 1459 960 1543 maua, enfigura de diuersas aues, y besti
165 1508 965 1588 as. A este hombre, que por su fortaleza,
155 1578 959 1664 y destreza, en la guerra: le tuujeron en
163 1621 959 1705 mucho, los mexicanos, quando viuja. Des
166 1671 973 1753 pues que murjo, le honrraron, como adios:
164 1726 974 1811 y le ofrezian esclauos, sacrificandolos, en su
163 1783 976 1871 presencia: buscauan, que estos esclauos, fue
163 1839 972 1930 ssen muy regalados, y muy bien ataujados, cō
165 1889 965 1952 aquellos aderecos, q ellos vsauā: de orejeras, y
171 1941 964 1992 barbotes: esto hazian, por mas hōrrarle. Otro se
173 1983 972 2052 mejante a este vuo en las partes de tlaxcalla:
171 2020 669 2085 que se llamaua, camaxtle.
174 2073 966 2188 Capitulo segundo, que trata
178 2132 977 2232 del dios llamado paynal: el qual
168 2205 977 2313 siendo hombre, era adorado por
172 2281 297 2356 dios.
165 2341 964 2431 Este dios, llamado paynal: era como so
175 2397 966 2482 ta capitan, del arriba dicho: porque
162 2455 954 2537 el arriba dicho, como mayor capitan
162 2518 958 2608 dictaua, quando se auja de hazer guer
1136 34 1476 146 de los dioses
1722 67 1840 159 fo.
1032 182 1861 276 Inic ce amuxtli vncan motene
1033 267 1849 373 oa, in teteuh: in qujnmoteutiaia
1028 346 1436 435 in nican tlaca.
1029 484 1824 624 Jnic ce capitulo, yntechpa tlatoa
1039 595 1822 686 yn oc cenca tlapanauja teteuh: yn
1032 665 1862 770 qujnmoteutiaia, yoan yn qujntlama
1029 726 1525 841 njliaia, yn ieveçauh.
1311 869 1826 958 itzilubuchtli: çanma
1302 940 1861 1028 ceoalli, çan tlacatl catca:
1306 1014 1832 1113 naoalli, tetzaujtl, atla
1268 1087 1856 1192 cacemelle, teixcuepanj:
1038 1165 1826 1266 qujiocoianj in iaoiutl, iaotecanj, iao
1020 1244 1823 1347 tlatoanj: ca itechpa mjtoaia, tepan
1024 1317 1848 1423 qujtlaça yn xiuhcoatl, in mamalhoaz
1017 1383 1808 1481 tli. q. n. iaoiutl, teuatl, tlachinolli.
1012 1467 1813 1563 Auh yn jquac ilhujqujxtiloia, mal
1015 1537 1810 1652 mjcoaia, tlaaltilmjcoaia: tealtiaia,
1016 1610 1833 1725 yn pochteca. Auh ynjc muchichioa
1012 1684 1845 1778 ia; xiuhtotonacoche catca, xiuhcoa
1013 1760 1840 1871 naoale, xiuhtlalpile, matacaxe, tzi
1021 1853 1342 1979 tzile, oiuoalle.
1529 1967 1825 2069 ytechpa tla
1012 1967 1505 2086 Jnic vme capitulo,
1014 2043 1818 2149 toa yn teutl yn jtoca paynal: yn
1022 2137 1842 2249 qujmoteutiaia, yoan in qujtlama
1009 2217 1440 2323 njliaia ie uecauh.
1003 2322 1843 2431 Paynal: motepatillotianj, moteixip
1009 2411 1817 2500 tlatianj: tepan mixeoanj: iehica
1010 2486 1839 2600 ca qujmixiptlatiaia, in vitzilubuch
