2452 4000
535 49 1039 235 Libro. 2.
134 234 1284 374 solos ellos morian, ningun captiuo,
145 342 1321 447 muria, conellos matauan los ensu
126 414 1301 537 cu de vitznaoatl. Acabados de ma
124 508 1288 606 tar los esclauos, y captiuos, todos se
105 589 1307 724 yuan asus casas: y el dia sigujen
122 665 1319 807 te, beujan pulcre, los viejos y vie
114 764 1293 894 jas, y los casados, y los principa
121 888 1283 1009 les. Este pulcre, que aquj be
112 988 1295 1091 ujan, se llamaua matlalvctli, q̄
114 1066 1299 1221 qujere dezir pulcre açul: porque
122 1154 1269 1279 lo tinjan concolor açul: los de
105 1248 1251 1422 mas destos, que beujan el vctli,
100 1392 1284 1511 beujanlo secretamente: por que
102 1494 1304 1611 si se sabia, los castigauan, dauā
84 1576 1295 1715 los de porraços, y tresqujlauan
93 1656 1293 1822 los arrastrauan, y acoceauanlos
87 1768 1301 1929 y arrojauanlos por ay, muy mal
96 1865 1272 2015 tratados en las casas de los due
90 1994 1271 2127 ñios, de los esclauos, cantauan y
91 2081 1307 2234 tañjan, y tocauan las sonajas, no
99 2176 1262 2334 baylauan, si no estauan senta
101 2275 1272 2431 dos: dauan mantas alos seruj
107 2379 1271 2504 dores de la fiesta, que tenjan
86 2487 1260 2633 cargo de dar la comjda, y beuj
88 2597 1325 2734 da, y cañas de humo, y floresj.
37 2696 1297 2846 tambien dauan naoas, y vipiles
88 2790 1264 2926 alas mugeres, que tenjan cargo
100 2867 1269 3017 de hazer pan, y comjda, y be
85 2973 1262 3134 ujda: y tambien atodos los vezi
84 3088 1258 3191 nos del barrio, dauan mantas:
94 3185 1258 3351 Y al tercero dia, al qual llaman
85 3321 1268 3469 chonchaiocacalioa, que qujere
94 3436 1290 3586 dezir, escaramuça, de caharro
78 3542 1261 3701 nes: componjan vno de caha
79 3679 1271 3781 rron, con vnos malandranes
56 3757 1307 3950 y caratulas espantables: y ha
1558 47 2387 223 de las cerimonjdo.
1385 223 2408 403 cavia, aca que in pepechoā,
1405 344 2398 541 Auh i omjcoac, mec yisi
1386 500 2402 634 loa: auh inj muztlaio, tlaa
1382 621 2390 794 oano, haapeoalo: in vctli
1390 734 2394 912 mja, itoca: ma tlalvctli, in
1397 881 2390 1026 qujcti tlacatl in vevetque,
1396 989 2403 1178 mjlamatque. yoā in tlapo
1379 1110 2413 1293 tequjoaque, i ie cioaoaq̄c
1382 1207 2399 1408 motlapaliuhcatque, ioā
1386 1332 2409 1502 in tetecutin, yoan in tlaz
1367 1449 2417 1638 liuhcaiaca, in quja vctli. o
1373 1590 2399 1751 in telpuch tlatoque, mige
1379 1717 2406 1876 caoaquee, quja i vctli: igu
1380 1821 2404 2008 can qujchtacayia, amomjc
1378 1937 2408 2117 manaia, vellaçovalli qujla
1376 2046 2402 2245 toctiaia, vel moxiuh tlapa
1361 2160 2402 2334 choaia, mjc amo ictozque.
1372 2310 2387 2467 intla aica qujn nexxotlazi
1365 2426 2387 2611 tlamachililozque, in cazia
1367 2514 2378 2708 oanque: in canecentlalilo
1347 2662 2356 2851 in canononotzaloia: quj
1364 2746 2393 2954 vitequj, ocoquauhtica, ve
1344 2909 2404 3081 qujnnaca tepocaoa, q̄oā
1358 3042 2388 3215 quatexoloxima, qujnque
1350 3151 2393 3324 tetequj, qujnvivilana, qo
1356 3265 2410 3433 tiliccatinemj, tlaltitechqui,
1341 3379 2416 3564 tzotzona, qujntetentimauā
1358 3502 2414 3670 vel qujmellelaxctra: ne sā
1339 3631 2419 3794 maço mjcmjctiloia. Auh tia
1352 3747 2405 3916 mmellel onqujz, njma ines
