2578 4156
582 24 911 202 Lo
162 220 1255 382 y fatiga, que no se podia sufrir:
169 344 1297 452 porque cada noche de todo el a
150 421 1303 548 ño, oastauan y consumjan, mu
157 501 1282 634 cha y demasiada cantidad, de
151 601 1270 745 leña, y teas, muy estremadas, y
150 702 1291 801 axi, y tomates, y sal, y pepitas, y
149 785 1334 925 almendras de cacao, y comjda. Jquā
155 884 1305 1010 doles faltaua, conque comprar
130 986 1288 1114 las cosas necessarias, consus man
132 1055 1286 1197 tas que se vestian, comprauā,
147 1163 1292 1299 opedian alguna cosa prestada:
127 1251 1285 1399 o vendian las tierras de regadio
127 1367 1273 1491 o del monte, que eran adiudi
128 1443 1285 1585 cadas alos ydolos, aqujen seruj
122 1542 1269 1669 an. J qujen no podia pagar el
134 1658 1318 1787 tributo, luego dexaua las tierras:
117 1738 1285 1882 y al tiempo que sabian, que ya
111 1843 1271 1979 cumplian, y acabauan la penj
123 1964 1287 2097 tencia, y serujcio, aque estauan
110 2031 1279 2208 obligados, aseruir al dicho vitzilo
96 2154 1288 2297 buchtli, se lauauan, y limpiaua
94 2257 1268 2405 y hazian comjda de fiesta: tama
99 2344 1258 2484 les, y vnas ollas, bien gujsadas:
97 2406 1268 2580 omatauan vn perrito que comj
94 2547 1234 2678 an, y se enborrachauan, por
98 2656 1234 2786 razon, que aujan eumplido, el
88 2743 1278 2879 serujcio, y peñitencia, aque esta
88 2847 1243 3004 uan obligados: porque les pare
73 2967 1265 3074 cia el tributo assaz muy pesado
79 3057 1256 3202 como vna caroa, que apenas
81 3163 1240 3316 se podja lleuar. J ansi despues,
67 3283 1241 3415 se holgauan mucho, porque ya
78 3387 1246 3514 estauan libres, del gran trabajo,
72 3504 1229 3667 y agraujo: y dormjan qujeta, y
70 3615 1243 3764 pacificamente, y libremente bus
64 3701 1255 3840 cauan la vida: y trabajauan de
88 3837 1256 3977 pescar, o beneficiauan magueya
1557 47 1697 215 zO
1403 276 2528 407 caoa cenca nomotolinia vel ia
1399 397 2524 532 pa onqujça in netoliniliztli, co
1396 472 2536 655 totoneoa, vel chichichino ynjla
1393 589 2531 754 llo, in jnnacaio, vel iniacacpac
1389 693 2539 879 qujça in jnnetoliniliz injc cexitla
1386 844 2525 1003 quitlaca moçaoa, injc mocexā
1386 946 2518 1109 uhcaoa, ice tlacatl ceioal quiti
1374 1091 2534 1234 ca in tlatlatia, intlavia, cencc
1375 1192 2524 1380 miec inpolivi in tlatlatilquavit
1368 1349 2512 1531 iceioal, yoan miec inocotl tzo
1376 1488 2522 1664 monquj, injctlaviloia, yoa qui
1372 1577 2530 1771 nextiaia, chilli, tomatl, iztan
1363 1714 2509 1920 aiooachtli, yoan atl, tlaqualli:
1372 1869 2512 2012 auh in aoctle itlacoaia, itecho
1376 2004 2500 2174 quioalacaia, in jtilmatzin, injc
1373 2127 2491 2302 tlacoa, anoço quitlamaca itloa
1373 2252 2504 2444 in quioaltzacuja, anoço catal
1368 2390 2491 2549 temoc motlalia, canah netlo
1354 2510 2498 2695 cujlli quichioa: auh injc qul
1357 2653 2459 2817 chioaia ipampa tlalli in qua
1356 2766 2448 2957 qujch quichioa in calpouan
1378 2882 2478 3082 yoan in chinamitl, in chiaula
1350 3037 2498 3231 tlalli, in teuhtlalli, anoço xeiti,
1342 3165 2491 3368 milli ie inpantequjtia: auih
1349 3314 2497 3480 inaqujn in amoconiecoaia. te.
1339 3446 2519 3625 quitl, ic quicaoaia in tlalli, ieujla
1351 3577 2488 3799 caoaltiaia, ic quicacaoaltiaia,
1338 3723 2494 3915 auh imquac in tzonquiçaia. ili
1344 3870 2433 4058 necaoalizz, cenca papaquja
