2636 4180
679 38 1064 231 Libio.
100 236 1289 383 endo se, menospreciado de to
105 348 1318 528 dos: de pena, y conooja cae en
106 444 1327 631 alguna enfermedaa: y con ella
93 632 1313 768 se empobreze, y sehaze solitario,
114 734 1295 888 olujdado de todos: y dessea su
111 846 1335 1051 muerte, y dessea salir destavida.
127 1012 1317 1156 porque nadie le vce, nj vilita, nj
112 1149 1337 1324 haze cuenta del: y todo quanto
111 1263 1304 1446 tiene, sele deshaze, como la sal
130 1432 1337 1589 enel agua, y muere en pobreza:
132 1580 1282 1725 que apenas tiene conque se
136 1668 1296 1858 amortajar. I esto le aconte
134 1834 1304 2020 ce: por sex indeuoto, y mal a
137 1955 1317 2139 gradecido asuligno, y por yr
117 2104 1337 2252 tras sus malas inclinaciones:
128 2242 1347 2419 desgarrando se, y despeñando
97 2401 1325 2558 se, por sus vicios, y dezian:
118 2506 1321 2723 que esto le acontecia, por
139 2648 1328 2835 auer perdido la ventura de su
132 2812 1312 2993 ligno. I si alguna muger, na
124 2979 1298 3119 cia en este signo: que sellama
124 3095 1304 3251 ce suchitl, dezian: que seria
125 3228 1337 3371 buena labrandera: pero era
114 3348 1367 3509 menester, paragorar desta abi
127 3481 1349 3630 lidad: que fuesse muy deuota
129 3605 1377 3797 asu signo, y hiziesse penjtencia
137 3760 1291 3923 todos los dias, que reynaua.
134 3884 1328 4023 si esto no hazia, su lignor le
1499 82 1669 254 q. e
1377 254 2561 424 tuuia, in ic noveve, ynjc noilama, in
1377 389 2570 524 tlapaltzintli: aocmo vmpa conjtta, ça
1389 508 2565 624 uacacpantlatoa, ca onqujqujnaça,
1384 608 2565 758 çaconqujqujnatza, çaiacaqujqujn
1388 689 2561 852 tlatoa; ic mjtoa ca netiecatlamachi
1394 842 2534 991 tia mjnecuiltonol, caaoctleipati,
1377 952 2579 1114 qujtlattilia, mjpalnemoanj: auh tn
1379 1070 2553 1235 telic oqujmamjli, mjpalnemoanj:
1391 1183 2534 1360 m oqujmotzitzqujli, conmocaoal
1387 1238 2575 1439 tilia mjmaceoal, amonenqujca ynj
1381 1384 2579 1568 atlamachiliz, y n atlamatiliz: j mā
1393 1530 2591 1688 cocoliztli itechmotlalia, aco ixpopo:
1379 1640 2559 1797 ioti, quexilivi, aoço itlapalanal
1391 1767 2597 1941 tia, eōcolotzavi, cooacivi, anoço nol
1390 1929 2562 2067 ti, nonoti, naçatzatzali, nacaztzatza
1385 2005 2569 2187 ivi, anoço tlotiquaalanuliztli, xuet
1409 2164 2562 2341 aviztl, qualocatl, qualoc itect ma
1407 2287 2575 2470 tlalia, comolliz cattechcli conjttitia,
1403 2401 2552 2595 in totecuja, caltecitli contocatimo
1394 2470 2553 2709 toeca, matzantlaujtiotinemj, mo qua
1395 2609 2559 2838 tl aujtzotiçemj, iquatlamantineimjla
1405 2729 2547 2961 mjpitztinemj, mociauhpouietitinuea,
1393 2843 2576 3073 mociauhquetztinemj, ie vncan intla
1405 2964 2583 3150 mjqujtlanj, iconeuticopa, itoneulio.
1403 3103 2584 3287 cacopaā, aoc iatlamatian, acontla
1407 3207 2582 3407 iecoa, in qujmjtlamnjtoc mjqujzthin,
1399 3344 2584 3534 nnacuola poplibt, aocac mo icazai
1414 3486 2576 3675 ocao qujmocujtia, aocac qujmjx
1404 3593 2582 3768 innteatoca, cntlatlanto, vet conjltia
1407 3717 2582 3920 inha on qujca mjc notlacaiotl,tla
1416 3818 2574 4035 tlatlamj, iutqujn atl ontqujca, iniz
