2714 4278
262 57 794 222 de la fiesta
106 268 1298 385 alguna cosa, al que lo lleuaua vestido:
109 369 1268 511 y el lodaua todo el dueño del pellejo,
94 463 1242 615 el qual lo diujdia, entre aquellos,
100 571 1249 706 que le aujan traydo vestido, como
466 688 1261 829 Acabado de acuchi
83 694 467 809 le parecia.
83 797 1264 935 llar, y matar alos captiuos, luego
87 919 1274 1035 todos los que estauan presentes, sa
94 1017 1262 1146 cerdotes y principales: y los seño
90 1156 1302 1291 res de los esclauos, començauan a
92 1263 1259 1395 dançar en su areyto, en rededor
96 1371 1268 1490 de la piedra, donde aujan muer
100 1472 1270 1615 to, alos captiuos: y los señores de
89 1598 1295 1733 los captiuos, enel areyto dançando
84 1706 1283 1844 y cantando, lleuauan las cabeças,
87 1823 1304 1942 de los captiuos, asidas de los cabellos,
86 1928 1295 2075 colgadas de las manos derechas: lla
83 2070 1298 2180 mauan aeste areyto, motzontecoma
93 2154 1250 2312 itotia. Y el padrino, de los capti
93 2280 1274 2428 uos llamado cujtlachueue, cogia
93 2401 1259 2535 las sooas, conque fueron atados
94 2516 1280 2681 los captiuos, en la piedra, y leuan
75 2629 1276 2763 tauanlas, hazia las quatro partes
86 2749 1259 2869 del mundo, como haziendo reue
78 2843 1300 2980 rencia, o acatamjento: y haziendo
84 2949 1285 3106 esto, andaua llorando, y gimjen
74 3079 1255 3216 do, como qujen llora, asus muer
69 3173 1303 3299 tos. A aeste espetaculo, secretame
73 3273 1268 3428 te venjan, amjrar, y aestar pre
66 3376 1298 3536 sentes aquellos, conqujen motecu
67 3471 1269 3650 cuma Tenja guerra, que eran los
66 3580 1281 3729 desaparte, de los puertos, de vexō
59 3694 1253 3836 tzinco, de tlaxcalla, de nono alco,
54 3806 1278 3935 de cempoalla, y otras partes mu
61 3882 1268 4024 chas: y los mexicanos disimula
1491 65 2292 251 tlacaxipeoaliztli.
2411 105 2667 254 fō23
1374 300 2548 420 ia intemal. Auh yn ieoaio quj:
1371 396 2505 537 mopialtiaia in tlamanj, qujte
1374 489 2557 624 tlaneuhtitinemj, cempoalilhujtl
1371 600 2519 776 ipan tla tlaeoalo, nepapatlalo,
1384 725 2557 882 yn onneaqujlo cemjlhujtl: yna
1392 846 2588 982 qujn onmaquja in quexqujch
1385 964 2580 1084 maco, in quexqujch qujnechicoa
1388 1066 2558 1206 con macatimanj in tlamanj, ça
1375 1188 2550 1305 tepan qujtexexelhuja, tetlatla
1365 1294 2550 1432 machia: ic qujtlaiecultia yn jie
1371 1394 2566 1508 oauh. Auh in ie iuhquj, ynon
1379 1496 2545 1652 tlanque oaoanti: njman ic mjto
1374 1599 2542 1766 tia, qujiaoaloa in temalacatl, y
1374 1709 2558 1872 nixqujchtin teixiptlati, yn otlaoa
1376 1830 2556 1979 oanque, mocencauhtiuj, çaniuh
1377 1944 2557 2084 tlantiuj yno iuh tetlatlatique:
1367 2064 2559 2193 muchintin ce centetl intlan caa
1357 2161 2565 2326 na, yn jntzontecon mamalti, in
1380 2282 2566 2410 oaoanti, ic mjtotiuj: mjtoa, mo
1381 2366 2540 2539 tzontecomaitotia. Auh in cuj
1373 2493 2562 2675 tlachueue, contilinja intonaca
1376 2600 2588 2772 mecatl, nauhcampa conjiaoa, cho
1381 2714 2568 2873 catinemj, tehcoiouhtinemj, iuh
1369 2825 2575 3000 qujn mjecaoati, qujnchoqujlia
1373 2973 2491 3097 yn otlacotique, yn onmicque:
1364 3079 2558 3212 Auh no iehoanti, yn iiaooan al
1365 3189 2569 3336 tepetl, tlateputzca, yn jncaman
1360 3268 2565 3450 ca teuatl, tlachinolli, qujmon
1360 3390 2566 3546 notzaia ichtaca, oalichtacaca
1366 3499 2562 3655 laquja, yn jcooaoan motecuçu
1368 3607 2524 3763 ma: yn nonooalca, cozcateca:
1356 3719 2521 3889 cempoalteca mecateca: tlattiti
1354 3821 2542 3962 loia, tlamaujçoltiloia: njman
1342 3918 2539 4039 ic xitinooa, necacaoalo. Auh y
