2430 4008
388 55 873 245 Pibro. E
78 263 1248 411 salsa, de mulli, en vna escudilla: y
93 383 1291 501 en descendiendo, alos que aujan mu
84 438 1244 553 erto, lleuauanlos, adonde esta
95 532 1254 661 uan aquellas viejas, y ellas me
99 610 1257 739 tian en la boca, açada vno de los
100 694 1274 839 muertos, quatro bocadillos de pa
82 779 1246 922 mojados, en la salsa, y rociauan
93 877 1248 991 los las caras, con vnas hojas de
98 959 1230 1097 caña, mojadas en agua clara: y
91 1035 1234 1196 luego los cortauan, las cabecas,
87 1116 1255 1262 los que tenjan cargo desto, y las
93 1218 1273 1366 espetauan, en vnos varales, que
93 1325 1249 1456 estauan palsados, por vnos ma
99 1393 1255 1511 deros, como enlancera. Pecho to
101 1488 1228 1612 do esto, se acabaua la fiesta, y
96 1578 1261 1707 se yuan todos, asus casas. Esta
103 1663 1247 1808 es la relacion, de lo que passaua
100 1750 580 1883 enesta fiesta:
94 1841 1264 2047 Capitulo. zee. de la fiesta
91 1959 1241 2124 y sacrificios, que se hazian
83 2082 1257 2227 enlas talendas, del qujnze
69 2176 1222 2321 no mes, que se dezia pan
81 2284 593 2436 quetzaliztli.
93 2507 1268 2685 AEl qujnto decimo mes, llamauā
86 2616 1242 2777 panquetzaliztli: ante de llegar
84 2700 1251 2872 aeste mes, por reuerencia dela
75 2813 1244 2986 fiesta, que en el se hazia: los sa
87 2902 1244 3072 trapas y ministros de los ydolos,
83 3024 1249 3176 hazian penjtencia, ochenta dias,
85 3119 1246 3279 yuan aponer ramas, entodos los o
96 3225 1259 3381 ratorios, y humjlladeros de los mo
78 3338 1225 3480 tes. Començauan esta penjten
99 3443 1250 3587 cia, vn dia despues del mes, que
90 3520 1256 3662 se llama ochpaniztli: ala media
93 3635 1241 3764 noche, yuan a enrramar, los al
76 3741 1252 3894 tores, y oratorios, y humjlladeros
1458 67 2290 221 de las ceximonjas.
1340 258 2393 416 qujma antivi. In ommjcque
1322 367 2398 550 montlacotique: mecqujnoci
1320 500 2387 642 temovia, in taetemovique, ca
1329 588 2393 778 njvian in qujn oalmjmjloa:
1334 750 2383 910 auh mommjcoac, mectlaxi
1327 861 2360 1035 tinj, viviloa. Jnin tzonquj
1329 982 2337 1150 ça, ie cuelipan icemjlhuj
1329 1094 2381 1278 tlapoaloc in Panquetzall.
1321 1243 2382 1407 tli: njcan tzonqujça in que
1315 1368 1563 1509 holl.
1328 1497 2366 1709 nic caxtolti ote capi
1317 1668 2391 1852 tulo: itechpatlatoa i
1315 1761 2372 1946 ilhujtl yoan in nextla
1316 1912 2402 2082 oaliztli, m muchioaia nn
1316 2033 2393 2217 pan ic cemjlhujtl ic cos
1320 2139 2390 2314 Toltetl metztli, i mjtda
1309 2285 2274 2467 ia: panquetzaliztli.
1324 2468 2377 2664 O. njc caxtoltetl ilhujtl: io
1310 2628 2372 2766 hoatl i moteneoa, Panqu
1317 2759 2383 2892 tzaliztli: in aiamo acr elhuj
1311 2880 2395 3038 panquetzaliztli: in tlamaca
1329 2988 2398 3183 que, nappoalilhujel in no
1326 3094 2377 3291 caoaia, yoan acxoiatlalia
1335 3245 2401 3418 ia: tquac qujpeoaltiaca, i
1337 3344 2390 3529 uh onqujz muztlaioc, dcs
1331 3466 2394 3671 panjztli: mioalnepantla
1321 3612 2401 3754 onacxoiatama: in novian ie
1328 3749 2372 3939 Tepeticpac, ypā in momo
