2660 4218
347 124 813 298 dela arte
31 368 1209 488 na barranca, en alguna cueua,
15 463 1228 588 o de baxo de alguna lapa, o cabe al
15 546 1207 679 guna piedra grande: si poruentu
22 626 1188 756 ra nuestro señor, os matare en
21 705 1238 849 alguno destos lugares: no sabemos:
13 788 1217 922 y qujra no boluereys mas, auestra
17 864 1222 999 tierra: qujen sabe esto: por essos
30 959 1243 1099 camjnos, conujene que deuotamē
14 1036 1221 1190 tevays, llamando adios, y hazi
16 1132 1205 1262 endo penitencia; y sirujendo tu
23 1245 1209 1384 mjlmente a los mayores en cosas
23 1286 1193 1443 trumjldes: como es dar agua a
24 1399 1205 1553 manos, y barrer: et al. Mirad
26 1510 1228 1650 que no desmayeis mjrad que no
23 1563 1216 1750 boluays atras de lo comencado, mj
32 1682 1254 1837 rad que no os acordeis de las cosas,
45 1782 1219 1924 que aca dexays: continuad, y per
25 1872 1203 2012 seuerad en vuestro camjno, en su
32 1971 1208 2087 trid los trabajos: poruentura nro
21 2049 1232 2178 señor os hara merecedorz que bel
40 2133 1222 2277 uays con prosperidad, que os veā
35 2226 1229 2372 mos vuestros padres, y vuestros pari
37 2313 1226 2450 entes: mjrad que tengajs en lugar
48 2411 1218 2528 de mantenjmjentos, estos aujsos,
54 2495 1224 2617 que aquj os damos nosotros, que so
55 2596 1269 2719 mos vuestros, padres, y vuestras ma
48 2673 1240 2810 dres: para con ellos os esforceis
49 2767 1200 2921 y os anjmeis Puo muy ama
58 2875 1231 2993 do esforca os, y anda con dios:
58 2964 1211 3106 aquj os embiamos vuestros pa
53 3074 1241 3215 dres, paraque haoais vuestro ne
54 3190 1233 3314 gocio, apartando os de vuestros
57 3270 1208 3417 parientes, etat. Destamane
65 3371 1202 3513 ra los mercaderes vieros, a los
54 3486 1250 3623 man cebos: que nueuamente yuā
59 3554 1214 3695 con otros mercaderes, a tiex
57 3659 1224 3829 ras estrañas a mercadear: los
59 3768 1214 3947 trablauan, y esforcauan: y po
50 3872 1214 4031 njan delante los trabajos, y
2462 12 2663 133 266.
1388 163 2519 314 adiujnatoria. fo4e.
1296 357 2507 487 liz totecujo: auh i anoçoc mjloch, mo
1293 468 2519 587 necuepal tiechioaqujuti: caiac yntla
1296 558 2444 681 mati, maoci moiolic, xicmotlao
1296 664 2444 806 colnonochilitiuh in totecujo, mati
1296 770 2438 886 moxoiceauti, ma xoconjxcauj, xoço
1293 859 2450 987 cemati in tlamaceoaliztli, xicmo
1305 954 2513 1112 cujtlauj in tecamapaqujliztli, intema
1295 1047 2449 1230 tequjliztli: aut itlachpanaliztli,
1287 1177 2492 1326 n tlacujcujliztli, macamo cemonjca,
1270 1289 2440 1425 moteputzco ociqual, et  macamo
1295 1345 2455 1552 cemonjca, moteputzco xiqual. Itc
1278 1444 2470 1631 , macamo cemjcampa, moteputzco
1293 1591 2491 1743 xiqualquetztiuh in mocaa, qujtozne
1297 1693 2470 1848 quj, macamo xcitzintlacçatiuh, ma
1290 1796 2445 1911 camo xitzinqujztiuti, macamo xi
1291 1874 2487 2026 tzinqujzcatlaiecotiuh, xioaltocaçxitz
1286 1972 2459 2118 tiuh, macatle xciqualilnamjctioh:
1291 2072 2453 2213 maçan centlamjc xocommactiuh
1295 2181 2420 2312 maxoconcenmattiuti, xoconjxcauj
1284 2269 2499 2419 tiut, in tlauhiioujliztli, acitla mjtzma
1292 2368 2504 2517 ceoaltiz, mjtziltiujltiz itloque, naoa
1299 2473 2451 2645 que: açoc ceppa mjxco, mocpac tla
1299 2591 2515 2737 chiazque mmonaoan, in motaoan,
1284 2671 2473 2862 mmooaniolque: ca tiequaz, ca tiquiz
1301 2773 2502 2926 mnjcan ic timjtznonotza, ca ixqujch
1285 2871 2456 3029 ic timjtzonapana, timjtzontetziloa,
1284 2987 2444 3157 aço timjtzilpia, in timonaoan, inti
1292 3065 2443 3263 motaoan, timjtztlatlauhtia, tletic
1309 3183 2429 3317 mati, tleticmomachitia tleticmat
1296 3287 2445 3430 catzintli nopiltze, maiiolic xeimovi
1294 3422 2508 3544 catiuti, xiqujmontlalcauj m maujoa
1282 3506 2449 3643 in motlaoan. Etap. Ivin in quella
1297 3625 2430 3764 quaoaia, i qujchicaoaia, mazommo
1292 3733 2473 3867 cenca ixtlamati, maçoqujnjiopa te
1287 3852 2530 3978 vica, motevicaltea, in canpa ie ontlama
2427 4054 2523 4168 rez
