2688 4164
265 147 842 335 de la fiesta.
78 337 1071 474 si esta muger, que auia de mo
69 433 1099 524 rir, estaua triste, ouoraua, por
63 510 1102 646 que dezian, que esto significauā
49 603 1085 723 que aujan de morir, muchos
65 699 1084 820 soldados, en la guerra: o que a
70 770 1109 912 ujan de morir muchas mugeres
81 872 1072 1004 de parto. Quando hazian esta
56 971 1106 1107 escaramuça, opelea, aquella
48 1058 1091 1217 muger que estaua diputada
51 1164 1123 1292 para morir: ala qual llamaua
57 1264 1123 1415 la ymagen de la madre de los
64 1352 1102 1515 dioses, aqujen la fiesta se ha
67 1467 1109 1576 zia: hazia el primer acometi
64 1552 1125 1680 mjento, contra el esquadron con
63 1647 1118 1785 trario, yuan acompañando aes
64 1764 1105 1897 ta tres viejas, que eran como
64 1852 1099 1997 sus madres, que nunca se le quj
64 1938 1105 2067 tauan, del lado: ala vna llama
68 2040 1129 2174 uan aoa, ala otra tlaujtecquj,
70 2139 1109 2281 ala tercera, xoquauhtli. la pe
63 2253 1124 2397 lea era, que se apedreauan, con
81 2329 1154 2472 bellas, hechas de aquellas hila
87 2436 1139 2598 chas, que nacen en los arboles:
83 2528 1132 2694 dcon pallas, hechas de hojas de
78 2627 1150 2794 espadañas, y con hojas de tunas
52 2708 1126 2886 y con flores amarillas, que lla
63 2822 1136 2981 man cempoalsuchitl: todas yuā
57 2913 1150 3076 ceñjdas, y en la cintura lleuauā
55 3027 1139 3164 vnas calabaçuelas colgadas, con
48 3119 1141 3262 poluos de aquella yerua, que
53 3209 1159 3355 llaman yietl: yuan apedrean
50 3306 1144 3461 dose el vn esquadron, tras el o
60 3414 1136 3570 tro, y despues el otro, boluja
56 3495 1136 3618 tras el otro. Desta manera es
58 3597 1171 3737 caramuçauan, ciertas bueltas,
55 3699 1162 3836 contodas las quales acabadas:
58 3803 1162 3955 cesaua la escaramuça: y luego
1360 150 1937 320 ochpanjztli.
2191 189 2466 333 fo. 67.
1172 324 2314 472 tlac: auh in necacaoaloia ieō
1174 450 2326 593 calaquj tonatuih. Auh inotzon
1183 590 2335 715 qujz chicueilhujtl: njmaie vm
1173 686 2340 838 peoa in çonecali, navilhujtl
1168 811 2303 937 m muchioaia: vnean in cuj
1177 916 2326 1055 cacalli ixpan, tvm in muchi
1181 1038 2348 1176 oaia, iuhqujm, in miechioa
1190 1145 2341 1320 ia: mjxqujchtin cioa titici,
1203 1235 2342 1421 mjlamatque, yoan mjlhpu
1192 1378 2385 1529 puchti, yoan cequjntin avie
1183 1500 2347 1661 njme; moxeloaia, monepa
1191 1621 2343 1763 tlaxeloaia, itzquj in tlan ma
1192 1749 2376 1909 tivi, itetece mnan, no izquj
1194 1853 2353 2035 nqujnamjctivi in qujtiia ia
1207 1997 2350 2149 vcla, ic qujpopoloitiaia mj
1194 2118 2396 2270 tlaoçul, qujtlatlacaaviloaia
1196 2222 2344 2409 qujvevetzqujtiaia, mjc amo
1209 2337 2365 2512 tlaoçuiatz: auh in clachocaz,
1220 2452 2366 2631 qujlmach tlatetzaviz: qujl
1208 2577 2401 2758 mjec iaumjqujz, in quacchtli
1211 2723 2383 2871 ocelutl: anoço mjequjntin mo
1214 2846 2362 3005 ceoaquetzazque incioa, mj
1221 2946 2408 3124 mjte ic iatzque. Auh ivim, in
1218 3057 2364 3225 muchioaia mjc çonecalia:
1233 3225 2369 3353 cichtopeoa in tetei mnan
1218 3315 2358 3441 itetoca, itlan mantivi in
1240 3464 2398 3619 vevei titici. Tehoatl in tloa:
1231 3556 2362 3722 Jnjc vme Tlavitecquj. Injc
1239 3693 2416 3844 ei xoquauhtli. Jn iehoantin
1233 3825 2394 3969 mmeixtin y, ilamacooa: mjc
2381 4027 2473 4128 iri
2479 22 2671 139 jro.
