2502 4096
1140 50 1642 247 Apendiz.
2364 264 2450 382 ih
139 242 1323 395 de nauajas, que se llama ytzehe
1375 262 2408 427 mana quilhuja. Yzcatqujs
126 360 1279 515 caya: porque el viento era ta
1368 365 2441 541 ic tonqujcasz in vnean tepetlitia
129 455 1310 590 rezio, que lleuaua las predras
1356 456 2448 650 namiquja: auh itzcatquj ieta
119 552 1279 690 y pedacos de nauajas. Por razō
1370 617 2432 781 tonquiçatz in vtli qujpia ynco
127 646 1267 774 destos vientos, y frialdad, que
136 744 1259 849 mauan todas las petacas, y ar
1366 739 2432 892 atl: auh izcatquj iquitlantoi,
120 819 1237 965 mas, y todos los despojos de los
1366 860 2446 1011 qujcatz, in xoxouhquj cuetopi
135 916 1250 1061 captiuos, que aujan tomado,
1351 983 2453 1139 lin in xochitonal, auh izcaluja
122 1016 1258 1145 en la guerra: y todos sus vesti
129 1081 1266 1258 dos que vsauan: dezian que es
1376 1083 2431 1272 ynjc tocontocaz chicuey ixtla
108 1187 1277 1333 tas cosas, yuan con aquel defune
1353 1209 2451 1406 oatl: auh itzcatquj ic tonquica
117 1304 1271 1432 to, y en aquel paso le abrigauan,
1342 1354 2438 1527 in chicuetiliutican, yzcatquj a
114 1410 1252 1542 paraque no recibiesse gran pena.
105 1509 1228 1629 Lo mjsmo hazian, con las muge
1351 1470 2448 1663 tonquicatz iitzehecaian, aulh
113 1617 1255 1744 res, que morian, que quemauā
1343 1631 2442 1798 invncan y, ytzehecaian, quila
115 1700 1278 1821 todas las alhajas, con que texian,
1336 1756 2440 1895 cenca netolimlo, muchihoca
96 1789 1253 1933 y hilauan; y toda la ropa que v
99 1914 1231 2028 sauan: para que en aquel paso
1337 1873 2428 2039 toco in jtztli, yoan in xaltetl
90 1985 1238 2130 las abrigasen de frio, y viento
1336 1973 2430 2181 auh ipampa in miquja: in b
91 2053 1259 2242 grande, que alli auja, al qual
1341 2101 2435 2289 quichtin yn jntlavizpatlacal y
96 2171 1263 2312 llamauan ytzehecaya. Y el que
1331 2234 2442 2430 njn chimal, yn jnmaquauh,
80 2277 1252 2422 njngun hato tenja, sentia grā
78 2389 1253 2517 trabajo, con el viento deste paso.
1339 2379 2416 2565 inxqujchtin ymalteooan, yu
60 2485 1275 2627 y mas hazian, al defuncto lleuar
1329 2496 2404 2650 in ixqujch initilma, yoan ila
91 2587 1205 2717 consigo vn perrito, de pello ber
1316 2622 2391 2819 qujch intlein itlatlatqui, fu
91 2677 1207 2798 mejo: y al pescueco le ponjan
1326 2760 2400 2926 chipan quitlatiaia: caiot
84 2782 1247 2925 hilo floxo de algodon: dezian q̄
79 2875 1198 3023 los de functos, nadauan enci
1318 2866 2434 3062 iv in cihoatl in xqujch ina
71 2988 1211 3126 ma del perrillo, quando pa
1324 3015 2431 3184 na, imneanaia, ymimeca
70 3091 1214 3220 sauan vn rio, del ynfierno, q̄
1313 3117 2430 3325 xal, yn iquatzo, yn ixiiouli
63 3198 1231 3336 se nombra chicunaoapa: y en
62 3274 1217 3410 llegando los defunctos, ante el
1308 3295 2438 3471 in itzohopaz, yn ivtlauh, yniteca
61 3389 1181 3532 diablo, que se dize mibtlan te
1306 3405 2423 3568 cauh ytziquaoaz, no muchiij
57 3500 1237 3658 cutli, ofrescian, y presentauan
1312 3520 2436 3717 tlatla, quilmach quimotonatizi.
51 3627 1201 3742 le los papeles, que lleuauan,
1297 3664 2446 3824 ic mehecatzacuiliz ynitzehecau,
51 3742 1174 3870 y manojos de teas, y cañas de
1297 3784 2452 3972 amocenca motolimiz. auh yn aq
53 3821 1208 3975 perfumos, y hilo floxo de algodon
