2720 4398
483 31 921 223 sipendiz
1298 15 1974 245 y Appologia.
2412 97 2679 249 fo. 51.
81 217 2650 350 dias en otro, y dende dotros enco dias enotro vemanera que el quar
72 364 2645 506 to qujntanario, era la fiesta del dios que se celebraua en el mes que
61 437 2645 567 se seguja: los cmco dias que son mas de los trezientos y sezenta deto
74 545 2644 660 do el año, tenjan los por valdios, y haziagos: y ani no hazian cuenta
78 641 2681 792 dellos para njnguna cosa. Paro cuenta tenjan contodos los chias del año,
51 747 2677 913 ycon todos los meses del año, y con todas las qujntanas delaño, que son
82 887 807 1027 quatro en cada mes.
42 884 2631 1153 Otra cuenta tenjan estos naturales que njsigue lacuenta del añō
50 1073 2656 1256 nj de los meses, njdelas qujntanas, que impropriamente sepueden de
37 1155 2635 1354 zir semanas. Esta cuenta, tiene vemte caraderes, como esta pintado
48 1263 2598 1489 en la tabla, que esta detras desta hoja: acada vno destos caracteres,
46 1407 2624 1577 atribuyan treze dias; en las quales reinaua vno destos caracteres: de
44 1525 2658 1670 manera que cada vno reinaua treze dias, yel circulo que estos caracte
45 1628 2596 1789 res consus dias hazian, son dozientos ysesenta dias: el qual circu
22 1762 2587 1906 lo, tiene ciento yeonco dias menos, que vn año. Estacuenta se vsa
39 1878 2664 2025 ua para adiujnar las condiciones, g successos de la vida, que tendiian
25 1968 2644 2125 los que naciessen. Es cuenta delicada, y miujmentirosa, y sin njngun
43 2111 2559 2233 fundamento de astrologia natural. Porque el arte de la astrologia
28 2184 2628 2349 judiciaria, que entre nozotros se vsa, tiene fundamento en la astrolo
30 2349 2613 2460 gia natural, que es en los signos, y planetas del cielo, yen los cursus
24 2439 2588 2582 yaspectos dellos. Pero esta arte adiujnatoria sigueze o fundaze
29 2545 2612 2657 envnos caracteress, y numeros, en que njngun fundamento natural
19 2666 2599 2780 ay, omo solamente artificio fabricado, por el mesmo diablo, nj es
30 2797 2600 2906 pore ble quenjngun hombre fabricasse, nj in ventasse esta arte; por
18 2926 2623 3033 que no tiene funclamento, en njnguna sciencia, nj en njngienaxazon
15 2975 2572 3097 natural: mas parece cosa de embuste y embasmjento, que no cosa
23 3086 2609 3221 razonal, njaxtificiosa. Digo que fue embuste y embaimjento, para
26 3183 2605 3341 encan dilar, y desatinar agente de poca capazidad, y de poco en
23 3308 2606 3476 tendimjento. No obstante esto, exa tenjda en mucho, esta arte adiuj
22 3431 2570 3579 natoria lomas propriamente hablando embuste (o embaimjen to
18 3531 2585 3693 diaboleco: y tambien los que la sabian, y vsauan erā muy horrados
21 3672 2559 3815 ytenjdos: porque dezian las cosas por venjr, y del vulgo eran tenj
18 3778 2616 3923 dos por verdaderos, aunque njnguna verdlad dezian smo acaso,
14 3866 2539 4026 por ierro. Esta arte, nj sigue años, njmeses, njsemanas, nj
3 4000 2607 4130 lustros, nj olimpiadas, como algunos soñando dixeron, y afirma
677 4064 740 4145 c.
731 4053 1361 4157 ay iarcr d e
7 4069 619 4224 ron falsamēte.
726 4143 1289 4252 sahos gan vs
2443 4135 2572 4344 Eā
936 4185 1446 4343 E.A. A
