2416 3612
991 15 1175 176 do lo
136 157 1160 319 que seria prospero en laguerra, y
125 303 1144 415 tomaria tantos captiuos, quan
136 375 1161 507 tas espinas rescibio: y que seria
125 450 1138 612 prospero, y reuerenciado en este
118 569 1131 699 mundo, con riquezas, y tionr
119 667 1147 801 ras, y insignjes de valiente hō
113 762 1136 910 bre. Tambien se dezia: que el
104 843 1153 985 que la asia del coraçon a la fan
98 947 1161 1096 tasma, ȳ sele arrancaua depres
98 1063 1126 1202 to, sin dezir le nada: hechaua
104 1157 1126 1296 a huyr con el coraçon, y le esco
90 1257 1114 1390 dia, y le guardaua con gran
87 1339 1102 1501 diligencia, en bolujendole, y
87 1453 1128 1567 citando le fuertemente, con al
85 1542 1121 1692 gunos paños: y dessues ala ma
72 1642 1089 1791 nana, desemboluja le, ymjrauā
89 1739 1100 1878 que era aquello que auja arian
77 1825 1085 1943 cado: y si via alguna cosa buesta
76 1898 1134 2057 buvna enel paño, como es pluma
66 2013 1114 2144 floxa, como algodon, o algunas espi
70 2122 1100 2270 nas de mague, como vna, o dos:
57 2222 1078 2344 tenja señal, que le auja de venjr
55 2290 1102 2429 buenauentura, y prosperidad. Ysi
78 2407 1135 2547 por ventura, hallaua enel paño car
61 2482 1093 2628 bones o algun handraxo o pe
51 2570 1105 2711 daco demanta roto, y suzio: enes
37 2686 1088 2818 to conocia, quele auja de venjr
55 2799 1063 2924 malauentura, y mjseria. Isia
41 2884 1107 3026 quel que oya estos golpes noctur
35 2979 1058 3129 nos era algun hombre de poco
27 3075 1113 3234 anjmo, y cobarde: nj la perseguja,
25 3193 1059 3329 nj yva tras ella: sino temblaua,
25 3304 1058 3458 de temor, y cortaua se de mjedo,
1220 45 1485 199 agueros.
2178 148 2325 242 fo. 6.
1273 186 2304 350 tlacei, anoço ienauj, qujmaca vitz
1256 302 2292 482 tli: ic qujnextia, qujnezcaiotia, ça
1261 430 2275 626 tlamatiuh iniavc, amonenqujcaz:
1255 551 2242 716 izquj caciz in oqujteuevili, in oquj
1245 668 2301 841 maçac vitztli: ic much vncan, quj
1246 771 2292 952 maceoaltia in tlalticpac paqujliz
1251 870 2272 1072 tli, neiollaliliztli: in xuchitl, inj
1237 988 2302 1142 ietl, in netlamachtilli: in tilmatli.
1232 1092 2312 1288 nnitencacatl, in tlalpilonj. Auh yoā
1228 1199 2285 1377 mjtoa, iuhca in nenonotialli, in
1231 1320 2285 1521 tlatlatolli: in aqujn, amo qujtlatla
1224 1427 2286 1634 toltia, canvel njman: qujcotonj
1213 1550 2275 1746 lia, qujtlatzcotonjlia imjollo: ix
1221 1682 2273 1873 pampa iehoa, motlaloa in oqujco
1217 1784 2287 1977 tonjli yiollo: cana qujtlatia, vel
1216 1894 2325 2120 qujqujqujmjloa, qujtepitzilacatzoa:
1217 2059 2225 2230 qujnjquac in otlachujc qujttac,
1208 2164 2242 2333 in qujteititia, in tlaqualli, intla
1197 2265 2263 2428 ieotli: in conjtta: iztac ivitl inmo
1198 2395 2255 2588 lontica, anoço vitztli, açoce ano
1189 2536 2279 2709 ço vme, icqujnextia caqualli, inj
1180 2619 2275 2809 maceoal: omuchiuh. Auh in
1188 2724 2276 2954 tlacamo qualli, in conjtta: tecolli,
1188 2888 2267 3056 anoço tzotzomatli, icqujnextia,
1170 2974 2223 3176 in çan icnoiotl, netonjliztli, o
1167 3088 2255 3308 qujmaceoulti. Auh in aqujn
1175 3222 2218 3439 amocenca tonallapaliuj, in ci
