2734 4036
1094 7 1650 190 libro qujnto,
90 176 1334 354 Ecto mismo sesentia: si alguno
1437 186 2708 335 teculo: in moteneoa, tepoloanj iehoā
77 307 1311 465 en su casa hallaua, o via alguna ra
1437 335 2705 538 qujntoca, qujntlalia in azçame. Jnj
78 423 1325 578 na, o sapo en las paredes, o enel tla
1432 489 2705 659 quac aca ichan molonj, ic qujtetza
79 525 1304 691 panco, o entre los maderos de la
73 613 1321 756 casa. I tambien tenjan entendido:
1428 625 2649 820 uja, ic qujtlanja, in jmjqujz: ina
75 750 1289 889 que las tales ranas, las hechauan
1435 772 2685 993 qujntlacocoa, connectia, connequj
72 860 1298 987 dentro de casa los maliuolos ene
1422 951 2675 1120 lia, connequjltia: in macuelemjquj,
69 991 1271 1119 mjgos, y imbidiosos: por mal que
1417 1053 2655 1248 in macuel ompopoliuj: injc tlaqua
67 1109 1290 1235 rencia. El mismo mal aguero fe to
63 1200 1293 1346 maua: quando alguno via en su
1425 1210 2639 1394 lanja, injc tlaiolqujxtia, injc tlaa
65 1298 1278 1429 casa, vnos ratonzillos, que tienen
1417 1355 2654 1577 mana, injc teiollo ixco icac, injc
77 1396 1298 1522 vnos chillidos distinctos de los o
64 1494 1316 1655 tros ratones, y dessasoliegan la ça
1422 1517 2657 1665 tlatequjpachoa, injc atetloc mone
54 1603 1380 1761 ja: llaman a estos, tetzauhqujmjch
1427 1658 2660 1879 quj. Ca ienoiuhquj, muchiuh
69 1747 1348 1882 tin. En todos estos agueros, yuan
59 1828 1292 1978 a consoltar alos agureros: que lo
1415 1848 2650 1985 quj: qujcenujca, qujcemjtoa in mj
52 1945 1285 2106 declarauan, y dauan remedio con
1415 1973 2658 2150 qujztetzaujtl: Jn iehoatl calcujatl,
57 2046 357 2171 tra ellos
1400 2139 2652 2298 aço cana tepancamac: calquac in
1411 2233 2636 2444 qujntlalia tecocolianj: cotaloa, co
1396 2396 2629 2593 talotica injc tlatoa. No iuhquj
1393 2551 2640 2722 in tetzauhqujmjchin, anoço tetlaque
1398 2674 2628 2884 chililli. El chililti: muchi iehoan
1390 2833 2627 2999 qujntlaliaia, qujntetoqujliaia, ina
1386 2974 2672 3143 tlaca, in tecocolianj: injc caco, injcmo
1389 3111 2662 3289 caquj: vel pipitzca, pipipitzca, pipitzca
1384 3227 2066 3381 ticate, injc tlatoa.
1410 3334 2650 3564 Tc matlactli oce capitulo, vnean
38 3438 1274 3640 Capitulo onze, que trata
1391 3572 2642 3685 moteneoa in tetzaujtl: injc motetia
20 3581 1256 3763 del aguero: que tomauan: quan
1402 3655 2675 3831 ujaia: in jquac iooaltica, qujmjctaia
14 3701 1198 3893 do de noche vian estantiguas
1393 3795 2328 4006 tlaçaujaque, qujnameti:
