2624 4222
962 83 1702 253 libro segundo
595 274 2176 428 entos: y comencaua cada vno ajactarse, de lo que auja
597 392 2192 500 ganado y de las partes remotas, donde auja llegado, y
607 442 2196 558 valdonaua alos otros de que eran para poco, nj tenjan
590 549 2183 633 tanto como el, njaujan ydo apartes remotas como el:
596 605 2176 725 enesto tenjan arran chacota, los vnos con los otros, por
582 646 1243 804 gran rato de la noche.
744 810 1942 974 La decima fiesta mouible
592 985 2201 1161 Eenel signo que llamauan ce malinalli: en la segunda
611 1106 2208 1206 casa llamada vme acatl hazian gran fiesta: porque
605 1192 2218 1284 dezian que este sino era de Tezcatibuca: enesta fiesta
601 1261 2184 1361 hazian la ymagen de omacatl, y alguno que tenja de
602 1308 2189 1451 uocion, lleuauala asu casa: paraque le bendixesse,
608 1385 2200 1505 y le hiziesse multiplicar su hazienda, y quando esto a
608 1452 2198 1570 conteçja tenjala, y no la queria dexar: el que quexia
611 1527 2193 1660 dexar esta ymagen esperaua, hasta que otra vez, rey
604 1599 2198 1719 nasse el mjsmo sigño: entonce la lleuaua adonde la
612 1675 1034 1804 duja tomado.
739 1831 1855 2032 La onzena fiesta mouible.
590 2068 2206 2202 En el signo llamado ce tecpatl. Enla primera casa sa
614 2158 2193 2270 cauan todos los ornamentos de Vitzilobuchtli los lin
595 2228 2178 2363 piauan, y sacudian, y ponjan al sol: dezian que este e
609 2300 2182 2429 ra su signo, y el de camaxtle: esto hazian tlacatecco:
601 2365 2191 2501 aquj ponjan, eneste dia, muchas maneras de comjdas,
611 2439 2175 2554 muy bien gujsadas, como las comen los señores: todas
598 2533 2162 2654 las presentauan, delante de su ymagen, despues de
601 2594 2162 2717 auer estado vn rato alli, tomauanlas los officiales,
602 2677 2175 2783 de vitzilobuchtli, y repartian las entre si, y cōmjanlas, y
599 2759 2166 2881 in censauan tambien ala ymagen, y ofrecianla codor
598 2831 2165 2960 nizes, descabeçando las delante della: paraque se derra
600 2919 2142 3051 masse la sangre delante la ymagen: y ofrecia el señor
595 2998 2163 3107 todas las preciosas floresc que vsan los señores, delan
596 3077 1019 3198 te la ymagen.
719 3220 1837 3392 La dozena fiesta mouible.
580 3403 2154 3537 En el signo llamado ce Oçumatli: dezian que decendian las
595 3523 2166 3608 diosas llamadas cioapipilti, ala tierra: y dañauan alos
601 3609 2162 3701 njnos, y njnas, hiriendo los con perlesia. Y si alguno enes
603 3662 2178 3771 te tiempo enfermaua, dezian que ellos lo aujan hecho,
580 3705 2140 3835 que se auja encontrado conellas, y los padres, y las ma
594 3798 2167 3893 dres, estos dias no dexauan salir asus hijos, fuera deca
596 3842 2193 3946 sa: porque no se encontrassen, con estas diosas, de las qua
584 3924 1265 4042 les tenjan gran temor.
