2400 3646
1050 -1 1530 152 de los agueros.
2197 108 2352 203 fo. 10
148 128 1213 263 de qujtar, o alomenos gura mucho, ora
1291 146 2343 330 calo intetilma: vel centlalli momana,
141 227 1192 348 de enel cuarpo, orade en las vestiduras:
1288 251 2359 444 centlalli manj: nouijan aci, tepan mo
132 300 1186 436 yes el hedor tan rezio, ytan intenso: que
130 397 1198 516 no ay hedor tanbiuo, nj tan penetratiuo,
1287 379 2337 513 teca, injc yiac, injc tetlaelti: teiacaxo
124 476 1206 593 nj tan asquerdo. Y quando este hedor, es re
1288 469 2356 665 locho. Auh qujtoa, in jquac ineco, mj
120 550 1171 651 ziente: elt que le tiuele, no ade escupir: y
1287 604 2347 769 necuj, auel onchicha: qujlmach in
122 636 1216 754 dizen: quest escupe como asquereando: lu
115 710 1184 821 ego sele buelue cano, todoei cabello: y por
1266 705 2349 865 tla aca onchichaz, quaztaliujz, como
125 805 1196 906 esto tlos padres, y madres amonestauat
1272 823 2364 987 njz: ic cenca qujntlacaoaltia, in tepilhoā:
112 875 1183 996 asus hijos, ehijas: que quando olian este
112 950 1172 1060 hedor, no escupiessen: mas antes apre
1263 937 2342 1084 injc amo onchichazque: in jquac ine
107 1025 1183 1150 tassen los labios. Sieste anjmalejo aci
1267 1040 2137 1181 co yel: çan onmotempachoa.
106 1112 1175 1238 erta con sugrina adar en los ojos, cie
1264 1162 2323 1320 Ic matlactli capitulo, vncan mj
92 1180 1212 1317 ga los ojos. Este anjmalejo, es blaco por
94 1280 1165 1414 la barriga, y pechos, y negro en lo de
1271 1286 2299 1403 toa: in tetzaujtl injc motetzaujaia,
95 1378 244 1441 mas.
1265 1391 2327 1531 in jntechpa azcame, anoço cuecueia:
88 1435 1167 1569 Capitulo diez, enque se tracta
1256 1505 1919 1662 loan in qujqujmjchtin,
68 1547 1221 1694 del aguero: que tomauan de las hor
83 1648 1168 1791 migas, y ranas, y ratones, encierto
1366 1597 2335 1842 No ioan, netetaujloia inazcame,
72 1766 228 1878 cst.
1233 1825 2371 1989 in tlatlauhque, anoço tliltique: in jquac
79 1873 1150 2026 Quando qujera, que alguno via:
1233 1928 2307 2084 aca, ichan molonj, mopitzat quj
73 2005 1149 2115 que en su casa secriauan hormjgas
61 2068 1144 2214 y auja hormiguero dellas: luego to
1231 2065 2279 2225 nextiaia in tecocoliliztli: qujtoaia
71 2155 1139 2291 mauan mat aguero, tenjendo en
1222 2198 2281 2336 mjquac oittoque, aco aca totecoco:
56 2259 1140 2391 tendido: que aquello era señal, que
1210 2303 2289 2462 licauh itla otechtoquiti ei uh mj
43 2328 1108 2462 aujan de tener persecucion los de
58 2443 1156 2565 aquella casa de parte de algun ma
1216 2436 2276 2608 toa, iuh nemacho intlein custeto
33 2525 1154 2636 liuolo, o imbidioso: porque tal fama
1217 2554 2244 2751 qujlia, tecocolianj: iehoan nitro,
43 2621 1131 2740 auja que las hormjgas que secri
48 2719 1113 2840 auan en casa eran significacion
1207 2680 2302 2857 cuepa azcame, iquac in ievecaoa,
37 2794 1143 2891 de aquello arriba dicho: o que los
1201 2787 2286 3011 tein oqujtocaque: mushi ietioan
34 2879 1122 3027 imbidiosos, y maliuolos los hecta
1194 2910 2260 3123 intechtlamj in tecocolianj, inte
27 2984 1075 3104 uan dentro de casa, por malque
1197 3038 2301 3231 mjqujtlanjnj, in temjqujztemachi
30 3075 1114 3236 rencia: y por hazer mal alos mora
27 3177 1088 3326 dores, desseando los enfermedad,
1190 3173 2303 3373 que, in temjqujztemachianj, in
11 3264 1062 3419 omuerte, o pobreza, y dessasofiego.
1188 3343 2316 3488 tevejjecoanj, in atlaca in ttatlaca
