2652 4148
248 32 938 216 de los edificios:
98 244 1178 385 a honrra de aquel dios, y desde
65 347 1193 469 la piedra hasta abaxo, estaua
80 430 1167 580 vn regaxal de sangre, de los que
74 530 1196 675 matauan enel: y assi estaua
61 590 1194 757 en todas las otras torres. Estas
62 718 1189 871 torres tenjan la cara, hazia al
68 827 1219 960 occidente, y subian por gradas
56 888 1184 1041 bien estrechas, y derechas de ba
42 990 1193 1108 xo, hasta arriba, atodas estas
66 1124 310 1220 torres.
78 1643 1237 1796 El segundo cu principal, era de los di
82 1746 1223 1872 oses del agua, que se llamauan tlalo
92 1826 1220 1952 ques: llamauase este cu epcoatl: en
108 1884 1218 2018 este cu, y a honrra deste dios, o destos
108 1964 1211 2095 dioses, ayunauan, y hazian penjte
116 2034 1213 2149 cia, quatro dias ante de su fiesta. Y a
122 2108 1210 2244 ando el ayuno yuā acastigar a los
113 2185 1231 2288 ministros destos ydolos, que aujan he
103 2251 1239 2414 cho algun defecto, en el serujcio dellos,
85 2351 1249 2462 por todo es año: castigauanlos en vnas
105 2405 1235 2509 cienegas de lodo yadua, cabollendo los
92 2473 1271 2601 debago del agua y de lodo. hecho este cas
92 2534 1237 2674 tigo, los castigados, se lauauan: y luego
105 2614 1259 2740 hazian areyto, y trayan en las manos ca
93 2675 1243 2786 nas de mahiz, como bordones. Tambie
98 2745 1273 2859 todos los populares, baylauan, por essas
92 2806 1254 2931 calles: llamauase esta fiesta, la fiesta de
87 2860 1281 2987 macamorra, que se llama etzalli: y aca
95 2937 1282 3062 bada esta fiesta, de los tlaloques, matauā
94 3005 1068 3120 captiuos, a honrra destos dioses.
92 3045 1247 3267 El tercero cu, se llamaua macujlca,
89 3202 1277 3340 lli, o macujlqujaujtl: eneste cu mataa
96 3292 1270 3424 uan alas espias, de los contrarios, que
82 3382 1285 3511 prendian, quando estauan enla que
90 3459 1291 3570 rra, o contra los de Vexotzinco, o con
93 3533 1236 3684 tra los de tlaxcalla. El  yalos que
92 3625 1247 3764 denjan a espiar, la ciudad de me
73 3724 1264 3878 xico: enconociendolos, luego los pren
87 3812 1285 3984 dian, y los lleuauan aeste cu: yalli
1471 16 2062 195 del templo.
2353 59 2595 180 fo. 110.
1222 217 2504 336 hoan: auh in eztli, in jmezço in mjquja,
1244 316 2439 438 vel valacia in tlatzintlan, injcvalto
1237 425 2461 534 tocaia: muchi iuhquj catca, in jxquj
1243 491 2448 617 ch in teucal catca diablome. Auh in
1247 604 2491 714 iehoatl in jteucal vitzilopuchtli, ioan
1243 680 2450 798 tlaloc: vmpa itztimanca in jcalaquj
1253 751 2463 913 ian tonatiuh: auh in itlamamatla
1246 859 2467 1012 io, cenca patlavac: vmpa aciticatca
1255 928 2442 1105 injcpac, in vncati tlecovaia: ioan
1249 1038 2486 1217 in ie ixqujch in teucalli catca, muchi
1245 1143 2451 1346 uhquj catca, cenca vel melavatica
1266 1253 2030 1393 ca in jtlamamatlaio
1252 1374 2386 1552 lalocan, iteupan epcoatl.
1250 1576 2488 1779 Intlalocan: vncan netlalocacaualo
1274 1681 2474 1849 ia, in jquac ilhujuh qujcaia: auh
1270 1779 2491 1935 in onneçaualoc, njman ieic aiecti
1273 1883 2468 2039 lo, ioan neaviltilo, netotilo yca
1274 1980 2525 2135 cintopilli: auh novian in calpan mj
1290 2073 2504 2224 totiaia: mjtoaia, etzalmaceoaloia.
1270 2156 2474 2350 Aiuh in jquac oonqujz imjlhujuh
1290 2268 2457 2424 intla tlaloque: njman ieic miquj
1290 2346 2472 2517 in vncan pouhque, in mjtoaia tla
1304 2469 2472 2623 tlaloque.Auh injn cexiuhtica in
1289 2565 1976 2733 micchiultivia ipan
1306 2696 2542 2911 NIacujloalli, ioan macujlquj
1398 2853 1647 2970 avitl.
1296 2948 2495 3148 Invncan yn vncan mjquja inte
1314 3048 2538 3229 tlanenque: in qujmilhujaia tetzauh
1313 3153 2514 3310 tlatoque, in amo njcan chaneque,
1312 3279 2500 3427 in tlaxcalteca: ano vexotzinca, ano
1317 3350 2491 3510 co chololteca, in valiaucalaquja nj
1328 3473 2575 3633 can mexico: in qujvalcuja tlatolli. Auh
1332 3576 2457 3729 in tlaovelqujzque, in tlaoconcujco
1324 3695 2488 3832 tlatolli, in iehoantin tlaxcalteca,
1318 3766 2511 3951 anoço vexotzinca, anoço chololteca,
