1956 2738
364 -2 660 122 libro. A.
76 141 934 266 pino: que aprouecha, para sanar, mu
74 221 930 303 chas enfermedades. Y primeramente a
62 259 952 388 prouecha, contra vna manera, de bubas,
83 330 927 422 o sarna: que nace, en la cabeça, que se
76 385 936 484 llama quaxocociuiztli. Y tambien, con
85 444 904 545 tra otra enfermedad, es prouechosa:
81 502 941 634 assi mjsmo, que nace en la cabeça: que
89 559 937 681 es como bubas, que se llama, chaquachi.
82 645 930 740 Y tambien, para la sarna, de
72 681 954 801 la cabeça: aprouecha tambien, contra
75 742 931 862 la ronquera, de la garganta: apro
88 814 955 931 uecha tambien, contra las grietas, de
83 876 946 1006 los pies, y de los labios: es tambien co
90 924 969 1058 tra los empeynes: que nacen en la cara
97 998 941 1111 o en las manos: es tambien, contra el
97 1060 948 1163 vsagre. Contra muchas otras, enferme
95 1115 933 1225 dades: es bueno. Y como esta muger,
93 1165 932 1279 deujo ser la primera, que hallo este
93 1225 930 1337 azeyte: contaronla, entre las diosas,
97 1270 962 1407 y hazian, la fiesta, y sacrificios: aquellos
95 1337 978 1454 que venden, y hazen este azeyte: que se
98 1407 383 1498 llama vxtil:
99 1442 942 1581 Enel capitulo decimo, se trata:
111 1520 941 1643 de vnas diosas, que llamauan, ci
115 1600 561 1740 uapipiti.
115 1713 965 1811 Estas diosas, llamadas cioapipilti, eran
116 1763 971 1883 todas las mugeres: que morian, del pri
112 1838 993 1936 mer parto. Alas quales, ca nonjzauan por
116 1877 979 1993 diosas, segun esta escripta, enel libro sexto,
107 1931 978 2048 enel capitulo, veynte y ocho: alli se cuē
121 1985 968 2117 ta de las cerjmonjas, que hazian asu
128 2052 972 2173 muerte, y de la canonjzacion, por diosa
124 2117 975 2245 alli se uera, ala larga. Lo que enel presē
129 2179 982 2307 te, capitulo, se trata, es: de que dezian, que
128 2242 984 2366 estas diosas, andan juntas por el ayre, y a
135 2296 979 2446 parecen quando qujeren, alos que viuen
137 2374 973 2489 sobre la tierra: y alos njños, y njñas, los
141 2421 1000 2566 empecen, con emfermedades: como es dan
131 2486 991 2625 do emfermedad de perlesia: y entrando
136 2554 1003 2684 enlos cuerpos humanos: y dezian que anda
377 2618 972 2727 encruzijadas, de los camjnos,
272 2673 317 2726 in
144 2681 253 2738 uan,
1029 -2 1434 111 de los dioses.
984 127 1851 229 mateteçonauj, icxitzatzaianj, yoan in
989 222 1862 335 qualo, in tlaxcaliciuj: yn jchiaoaca ynj
991 287 1843 414 tonal vel mieccan monequj. Auh y
986 388 1863 479 njquac ilhujquixtiloia, yn oxinama
991 458 1858 583 caque, motlacacoujaia, tlacamjctia
1000 547 1854 662 ia, qujtzooallotiaia yn jxiptla, quj
998 633 1865 759 cujcatiaia, yn iveveiooan, qujtepo
998 691 1847 827 nacilhujaia, caiotzotzonjlia, caiouj
990 794 1852 914 tequjlia, caiacachilhuja, comjchica
991 866 1846 995 oacilhuja. Jnjc nechichioale ome
1000 937 1854 1074 xaoale, amacale, olchachapanquj,
1008 1048 1854 1155 tlaolchipinilli yn jamacal, yoan que
1000 1130 1671 1255 tzalmjiaoaio, aiuchicaoace
1361 1247 1418 1322 p
1321 1339 1359 1392 m
1016 1388 1851 1521 Jnic matlactli, capitulo: ynte
1018 1502 1862 1611 chpa tlatoa, yn cioateteu, cioapi
1020 1589 1214 1697 pilt:
1016 1724 1869 1830 Diablome catca y, macujltin, teme
1034 1817 1866 1951 yn jmixiptlaoan; intech tlamjloia,
1029 1924 1849 2038 qujlmach tetlauelia, teca mocaia
1027 2000 1882 2133 oa, ynjc aca itech qujneoaia, tla
1023 2098 1870 2207 uelilocati, tennecujliuj, ixnecuj
1023 2205 1878 2311 liuj, matzicoliuj, icxicopichauj, ic
1013 2301 1893 2405 ximjmjquj, momacuecuetza, ten
1035 2388 1905 2515 qualacquiça: ic mjtoaia omotena
1043 2479 1887 2591 micti, ypan oquizque cioapipil
1038 2556 1889 2675 ti, vmaxac chaneque. Jpampa y
