2662 3992
2247 17 2536 167 fo. 25.
1144 -8 1541 179 Apendiz
69 196 2486 324 SAPIENTIE. CAPVT. XIII. Jmelaoaca in teutlatolli.
1367 393 2544 558 Jntlalticpac tlaca, yn amo qujmjxima
95 462 1254 640 Vani autem sunt omnes homjnes,
1333 519 2527 648 chilia in dios, ca amo tlaca ipan pouj, ca
1328 610 2534 750 çan nentlaca, nenquizque: ca in tla tlaca
84 565 1256 767 in qujbus non sub est scientiadei,
1337 683 2498 813 yntla vnca in iollo, intla vnca intlaca
88 690 1292 886 et de his que videntur bona, non
1338 768 2502 904 qujliz: in jtlachioalhoan dios, in tech
75 826 1240 988 potuerunt intelligere eum quj
1332 838 2512 1005 canazquja, intech qujcuizquja, in jxici
1289 950 2513 1066 machocatzin dios: ipampa qujmjtta in quj
80 946 1251 1116 est, neque operibus attendentes,
1324 1018 2519 1155 ximati in tlachioalti, qujmatizquja ca
79 1038 1254 1236 agnouerunt qujs esset artifex:
1341 1108 2494 1244 vm moetztica, monemjtia in tlachioale,
1341 1186 2517 1318 in teiucoianj, yn amo motta in iehoatzin
107 1191 1230 1356 sed aut ignem, aut spiritum,
1337 1265 2523 1417 dios. Auh ynjn ca amo iuhquj qujchiuh
109 1307 1294 1486 aut citatum aerem, aut gyrum
1340 1340 2522 1483 que, amo itech omjscujtique, yn jtlachi
1340 1413 2519 1532 oalhoan dios: ynjc qujmjximachilizquja
114 1434 1281 1605 stellarum, aut njmjam aquam,
1338 1486 2514 1644 yn jnteouh, yn jntlatocauh, ynjnteiocus
1348 1572 2521 1686 catzin dios, can ītech omotla pololtique y
106 1564 1294 1727 aut solem, aut lunam, rectores
1348 1646 2516 1772 njtlachioalhoan dios: oqujmoteutique in
97 1679 1318 1825 orbis terrarum deos putauerūt.
1332 1713 2533 1836 tletl, in atl, in ehecatl, intonatiuh in metz
1331 1789 2514 1914 tli, in cicitlalti: iehoātin hi, oqujnmoteuti
92 1789 1288 1971 A. Quorum si specie delectati de
1340 1859 2515 1992 que, qujtoque, ca impal tinemj, catechiaca
1336 1934 2499 2063 na, techpachoa, ca tlatquj, ca tlamama.
113 1925 1289 2082 os putauerunt: sciant quanto
1337 2013 2519 2170 A. Jn iehoantin, y, ca ixpopoiume, motlapo
123 2041 1284 2200 his domjnator eorum speciosior
1340 2108 2544 2214 loltianj, injc otlateutocaque: ca cenca qujma
1342 2175 2515 2299 ujçoque, yn jtlachioalhoan dios, ynjc tla
120 2159 1298 2329 est: speciei enjm generator hec
1354 2220 2533 2352 nextia, ynjc pepetlaca, inteiollalia: auh
1344 2302 2478 2444 ynjn amo ic qujmoteutizquja: ca çan ic
124 2285 1239 2446 omnja constitujt. B. Aut si
1361 2365 2521 2515 qujlnamjquizquja, ca oc cenca tlapanauja,
128 2407 1247 2571 virtutem, et opera eorum mj
1361 2443 2524 2589 ynjc cenca tlanextia, pepetlaca, teiollalia, te
1355 2508 2531 2657 papaqujltia, yn jnteiocuxcatzin dios: in çan
123 2530 1233 2668 rati sunt: intelligant ab illis,
1359 2597 2560 2716 vel ixeltzin itetzincoqujça in pepetlaca, intla
1350 2664 2556 2808 nextia, in jxqujch teiollali, yn jxqujch tetla
119 2633 1265 2833 quonjam quj haec fecit forti
1354 2743 2543 2854 machti, vel iehoatzin çan vel izeltzin, tlachi
1345 2814 2558 2963 oale. B. Auh intla cenca otlamaujçoque
122 2793 1253 2965 or est illis. C. A magnitudi
1361 2888 2569 3029 ipampa ce qujnti itlachioalhoan dios, cenca
125 2923 1295 3087 ne enjm speciei et creaturae, cog
1357 2960 2527 3084 chicaoaque: qujlnamjquizquja, ca ynjn
1351 3030 2547 3164 teiocuxcatzin dios, occenca chicaoacatzintli.
123 3042 1331 3197 noscibiliter poterit creator horum
1362 3121 2524 3249 C. Jnjsqujch iueli, in dios, ynjc cenquizca
136 3151 1303 3292 videri: sed tamen adhuc inhis
1367 3187 2540 3308 tlamatinj, ynjc cenca tecujltono, cenquiz
1372 3273 2558 3376 ca tetlamachti: caytlachioaltzin itech neci:
126 3253 1289 3426 mjnor est querela. D. Et hi e
1369 3330 2518 3449 iehica ca cenca vey, cemanaoac oqujmu
1360 3391 2536 3528 chiujli, cenca mjec tlamantli, oqujmuchi
130 3365 1295 3530 njm fortasse errant, deum que
1366 3473 2530 3598 ujli, vel mauiztic, vel tetlamachti. D. Jnj
138 3485 1296 3613 rentes, et volentes invenjre. E.
1350 3551 2523 3678 quehi, tlateutocanjme, momanauja, mo
128 3594 1289 3761 Et enjm cum in operibus illius
1365 3620 2538 3725 tzinqujxtia, qujtoa: in tehoanti, ca iehoatzi,
1355 3705 2528 3827 tictotemulia, in iehoatzin tiqueleuja, ynj
