2696 4172
230 69 824 255 Capitulo. 20.
50 310 1226 416 se llaman quetzalli: yvan atadas en los cabe
58 378 1193 455 llos, del medio de la cabeça, recogidos como
50 435 1246 536 vna gaujlla, de todo lo alto de la cabeça. Tie
52 494 1256 578 ne vnas orejeras, de oro: esta cubierto, con
45 576 1225 663 vna manta açul, y sobre el açul, vna
54 654 1200 747 red negra: de manera quel açul, se
56 702 1234 813 pareçe, por las malas de la red: tenja
60 771 1231 883 vna flocadura esta manta, por todas
62 851 1255 949 las orillas: en la qual, estauan texidas,
56 936 1255 1036 vnas flores. Tenja, en la garganta de
46 986 1241 1094 los pies, vnas como calçuelas, de cuero
59 1072 1228 1188 amarillo: de las quales colgauan vnos
65 1171 1231 1266 caracolitos mariscos. Tenja, enlos pies,
63 1217 1271 1324 vnas cotaras, muy curiosas, y labradas:
65 1277 1250 1410 Tenja, vna rodela, teñjda de amarillo
66 1358 1220 1447 con vna mancha, enel medio, de açul
68 1435 1220 1547 claro: que no tiene, njngun labor. Te
80 1477 1258 1604 nja enla mano derecha, su baculo: con
63 1572 637 1692 que van, camjno.
69 1632 1260 1819 Capitulo veynte, que habla
71 1752 1242 1924 del dios llamado, napatecutli.
51 1906 1240 2066 Este dios, napatecutli, era el dios, de
81 2016 1243 2131 los que hazen esteras de juncias: y es v
88 2106 1249 2232 no de los que llaman, tlaloques. Dizen
88 2196 1271 2326 que este es, el que inuento, el arte de ha
88 2274 1262 2419 zer esteras: y por esso le adoran, pordios,
91 2350 1244 2501 los deste officio, que hazen esteras, que
84 2471 1267 2576 llaman petates: y hazen sentaderos, que
87 2534 1241 2659 llaman icpales: y hazen cañizos de jun
85 2619 1252 2765 cias: que llaman tolcuextli. Dezian q̄
83 2727 1266 2842 por la virtud, deste dios, nacian, y secri
92 2792 1247 2934 auan, las juncias, y juncos, y cañas.
78 2893 1250 3031 conque ellos hazen su officio. Y porq̄
84 2986 1260 3089 tenjan, que este dios, produzia tambi
88 3071 1261 3195 en la lluujas: hazianle fiesta, donde
81 3174 1258 3307 le reuerenciauan, y adorauan: y le
83 3256 1270 3401 demandauan, que diesse las cosas, que
83 3336 1273 3494 suele dar: que es agua, juncias. . En
95 3477 1292 3567 su fiesta, comprauan vn esclauo, para
93 3535 1270 3663 sacrificarle, delante del: ataujandole,
96 3634 1270 3746 con ios ornamentos deste dios: como que
79 3712 1314 3848 fuesse su ymagen. Este, el dia que auja
93 3803 1276 3933 de morir, despues de compuesto, como es
1357 85 2112 262 de Nlapatecutli.
2281 132 2548 273 fo. 19.
1308 293 2512 448 pipilti. Jn jnechichioal motlatlatla
1316 421 2477 573 li, mixapetzvi, ytemjlo, ixquatzo,
1316 514 2507 706 ixquatzone, quetzallalpile, teucuj
1310 652 2534 827 tlanacoche, xiuhtlalpilli yn jtilma,
1320 804 2509 1009 tlaçomaxtle, tzitzile, oiooale, tecca
1316 918 2551 1154 que, quetzalxicalcoliuhquj ynjchi
1327 1065 2563 1254 mal, ytlacçaia ymac onoc, otla
2440 1178 2532 1307 t
1316 1246 1624 1406 topile.
1325 1464 2548 1655 Jnic cempoalli capitulo, ytech
1331 1628 2528 1805 pa tlatoa yn teutl yn jtoca catca
1331 1750 1815 1927 Napa tecutli.
1387 1963 2514 2121 uh mjtoa, ca no intech pouj yntla
1331 2100 2520 2276 loque: iehoan ymjxcoian, incat
1338 2203 2512 2364 ian, in calpolloc, qujmoteutiaia
1327 2298 2520 2545 in petlachiuhque: yoan tolcuechi
1330 2438 2567 2627 uhque, in tlacuechiuhque, ytech
1315 2579 2573 2782 mopoaia: iuh qujtoaia, ca iehoatl
1329 2725 2529 2890 achto qujnmachti, qujmittiti,
1330 2862 2567 3059 in petlachioaliztli, yn icpalchioa
1341 2985 2567 3173 liztli: iehoatl axcaoa cococaoaia,
1340 3117 2539 3274 tlatqujoa, tlanextile, tlatzintile,
1346 3238 2535 3426 tlapeoaltile. Joan iuh qujtoaia
1354 3367 2537 3541 ca iehoatl qujxoaltia, qujqujx
1354 3502 2539 3676 tia, in toli, in tolpitzaoac, intol
1354 3623 2550 3799 patlactli, in tolmjmjlli, aztapili,
1362 3751 2520 3906 in tolqujiutl, in tolcaputl, yn
