2666 4162
556 -2 990 186 libro. E.
81 248 1300 403 Y por los calpules: acada vna dellas
86 369 1303 514 ponja el cañuto, teñjdo en la sangre
71 484 1295 610 como dandole agustar, la sangre
74 561 1279 725 de su captiuo. haziendo esto, yua
72 705 1292 836 conpuesto, con sus plumages, y cō
76 824 1283 955 todas sus ioyas, a viendo visitado,
68 926 1271 1081 todas las estatuas del pueblo: y
66 1042 1257 1188 aujendo les dado agustar la san
78 1160 1229 1320 gre del su captiuo, yua luego
75 1261 1280 1412 al palacioreal, adescomponerse:
67 1380 1292 1540 y el cuerpo de su captiuo, lleuaua
74 1481 1275 1632 le ala casa que llamauan calpul
79 1573 1260 1724 co, donde auja tenido, la vioilia
75 1689 1288 1858 la noche antes: alli les desollauā,
76 1820 1286 1969 de alli lleuaua al cuerpo desolla
69 1923 1275 2081 do, asu casa, alli se diujdia, y ha
65 2049 1291 2170 zia presentes, de la carne, asus su
67 2137 1254 2303 periores, amigos, y parientes: el
76 2254 1246 2392 senor del captiuo, no comja dela
75 2359 1248 2496 carne, porque hazia de cuenta:
70 2471 1247 2615 que equella, era su misma car
74 2578 1235 2729 ne: porque desde la hora, que
50 2687 1256 2826 Le captiuo, le tenja por hijo: y el
59 2796 1225 2970 captiuo asu senor por padre. Y
52 2949 1265 3106 por esta razon, no queria comer
75 3035 1279 3180 de aquella carne: empero comja
68 3129 1275 3327 de la carne de los otros captiuos
67 3245 1218 3431 que se auja muerto. El pellejo
70 3375 1205 3553 del captiuo, era del que le auja
60 3511 1307 3674 captiuado: y el teprestaua aotros:
48 3650 1232 3796 paraque le iustiessen, y anduuj
45 3764 1271 3902 essen por las calles conel, como con
51 3872 1230 4048 cabeça de lobo: y todos le dauan
1549 29 2363 201 de las cerimonjas.
1377 270 2622 408 contquj, quappiaztli, ielpan contil
1372 378 2616 538 quetza yn malli, yn vncan ocatia
1374 496 2609 632 yiollo, conezçotia, vel eztitlan con
1378 609 2606 749 polactia: njman no ic conjaujlia
1378 695 2645 874 in tonatiuh, mitoa, ic catlitia. Auh
1381 839 2597 961 yn tlamanj njman ic conquj ymez
1375 961 2615 1087 ço ymal, xoxoujc xicalli, tlatenpo
1367 1053 2629 1190 tonilli, vncan qujoaltequjlia, intla
1362 1166 2606 1313 mictique, ipan icatiuh piaztli no
1371 1260 2580 1423 tlapotonilli. Auh njman ic vncā
1364 1387 2601 1534 eoa in qujntlatlaqualia diablome,
1359 1515 2582 1650 noujian nemj, izqujcan qujça, a
1359 1625 2579 1753 çan qujmocauja, acan qujxcaoa
1353 1720 2572 1887 in calmecac calpulco: inteme tei
1352 1848 2582 2006 xiptlaoan, intenco qujmontlatla
1360 1939 2563 2096 lilia yn jezço malli, piazticaquj
1348 2065 2545 2224 monpaloltitiuh tlaujcetinemj.
1345 2162 2569 2332 Auh yn ondiampa neh, yn onouj
1349 2293 2558 2456 ampa aacito, njman concaoa
1343 2404 2551 2551 in tlauiztli tecpa: auh ynjmal
1349 2513 2587 2687 vncan qujoalujqujlia in calpul
1331 2627 2571 2826 co, yn vncan oqujtocaujque ceio
1332 2755 2572 2923 oal: vncan qujxipeoa, ça tepan
1346 2847 2558 3031 concaujliaia yn ichan vmpa quj
1347 2976 2543 3134 tetequj, ynjc qualoz, ynjc teto
1337 3095 2577 3249 naltiloz: yoan mjtoaia teteuhti
1338 3202 2603 3357 loz, ynoiuh mito cecnj, çan ie no iuh
1332 3320 2545 3482 muchioaia. Auh in male, amo
1337 3454 2566 3608 uel qujquaia, yn jnacaio imal,
1322 3594 2577 3733 qujtoaia, cujxçan none njnoquaz:
1337 3706 2546 3852 cayn iquac caci, qujtoa, ca iuhquj
1322 3800 2547 3966 nopiltzin. Auh in malli, qujtoa
1329 3909 2581 4053 canotatzin: auh tel tepalqujqua
