2696 4276
260 94 786 287 decierfas
51 291 1243 472 Sazian vn juego, los mancebos, ahon
58 411 1235 532 rra, de la diosa llandada toci: quā
58 477 1243 610 do matauan su ymagen, ponjan
69 563 1271 696 vn lebrillo, con pluma, y ron greda,
51 623 1218 758 y arremetian todos los mancedos, y
63 699 1257 837 tomauan cada vno, vn punado dello,
46 800 1208 935 y echauan ahuyr, vnos tras otros:
68 840 1229 987 y como aujan tomado los mancebos
57 927 1234 1092 la greda, y pluma: aquel mancebo
63 996 1259 1158 que traya vestido, es pellejo de la di
78 1091 1283 1227 osa foci, con otros mancebos, que esta
74 1174 1271 1297 uan conel, echauan acorrer tras los
61 1261 1256 1383 que aujan tomado greda, y yuanlos
69 1342 1263 1471 apedieando. Y la gente que mjraua
76 1407 1250 1559 apedreaua alos vnos, o alos otros, y
79 1482 1146 1647 algunos dellos cayan apedreados.
79 1584 1232 1723 azian vna cerimonja, alos njños
84 1692 1232 1795 y njñas, tomando las con las manos
75 1760 1254 1868 por cabe las orejas, y leuantandoles
92 1831 1259 1960 enalto: esto hazian, paraque eres
93 1920 1265 2067 ciesse, en la fiesta que se llamaua
74 1994 1295 2146 Jzcalli, que se hazia a honrra del fu
94 2085 223 2197 ego.
1032 2310 1106 2484 it
115 2463 1203 2653 Relacion de otras cerj
92 2597 1249 2814 monjas, que tambiense ha
92 2728 1325 2889 zian, a honrra del demonjo,
692 2945 822 3143 a
98 3111 1259 3274 Fazian vna supersticion, para re
107 3213 1292 3360 mediar, los njños emfermjços, que los
113 3294 1263 3461 atauan al cuello, vnas cuerdas de
118 3397 1292 3565 algodon floxo, y colgauanle vna pe
107 3470 1270 3630 ilta de copal, en la cuerda que te
104 3560 1274 3701 nja al cuello: tambien les ponjan
118 3649 1247 3784 vnas guerdas de lo mjsmo, atadas
117 3760 1297 3908 alas muñeças, y otras ala gargan
115 3853 1312 3980 ta de los pies, atauasecas, clgun as
117 3916 1342 4077 trologo, ensigno particular, y trayalas
1470 102 2077 275 cerimonjad.
2345 97 2636 251 fo. 125.
1370 270 2478 452 Jnjc muchivaia tiçapaloliztli.
1329 402 2483 602 imquac concuitiqujça in ticatl
1314 526 2564 690 njman icmotlaloa in ticapaloa
1320 650 2510 813 injcnecia in cencatlacca yoan
1328 797 2501 955 cequjntin qujtocaia, qujtepa
1331 879 2540 1048 chotivia auh in aqujn amotlac
1349 1009 2416 1162 çaia iciuhca toticavetzia.
1523 1158 2266 1401 Teizcalanaliztli.
1377 1378 2512 1615 Jnjc muchivaia teizcalaana
1337 1510 2534 1681 nztli noipan in tlein tonalli mu
1341 1643 2495 1829 chintin in pipiltotonti qujmiz
1346 1794 2511 1935 cala anaia vtlica yoa inix
1348 1887 2522 2078 qujch tlalticpac onoc inno pa
1359 2020 2528 2177 lli, anoço metl, icmjtoaia in
1342 2141 2261 2354 ic hiciuhca mozcaltiz.
1365 2415 2525 2645 Jmelavaca in oc ce quj tlama
1369 2600 2540 2801 naliztli incan no ic qujmaviztili
1377 2729 1867 2905 aia Diablo:
1584 2860 2124 3062 le elpiliztli.
1386 3051 2544 3240 Injc muchivaia ne elpiliztli, in
1359 3212 2528 3394 ic neelpiloia ica icpatl in qui
1371 3318 2582 3517 mj ilpiaia pipiltotonti in imma
1377 3443 2542 3638 quechtlan, yoan injn quech
1383 3571 2517 3736 tlan yoan imn jmjtac eiotlax
1399 3718 2537 3882 caltotonti in vncan conmana
1393 3856 2578 4047 ia vacaltonco yoan tecoōtontli,
2553 4057 2630 4214 nq
