2586 4040
255 14 846 222 de la fiesta
85 252 1096 378 puesto de los altares: y al qujn
90 328 1108 468 to dia, era la fiesta de teutle
100 417 1103 566 co, es la llegada de los dianes,
80 509 1104 644 que era el vltimo dia deste
91 599 1124 721 mes: Ala media noche deste
88 698 1134 814 dia, molian vn poco de hari
92 792 1109 923 na de mahiz, y hazian vn
85 866 1136 1019 montonzillo della bien tupi
88 952 1141 1117 tla: hazian este montonzillo
92 1074 1130 1193 de harina redondo, como vn
93 1188 1124 1310 queso, sobre vn petate: enes
83 1278 1127 1390 te montonzillo de harina, vi
91 1357 1119 1530 an quando llegado todos los
90 1478 1177 1625 dioses, porque aparecia vna
90 1582 1135 1725 pisada, de vn pie pequeño,
94 1702 1149 1813 sobre la harina, entonce en
81 1793 1132 1936 tendian, que eran llegados,
87 1890 1152 2024 los dioses. Vn satrapa llama
98 2002 1153 2141 do teuga, estaua esperando
92 2090 1154 2223 toda la noche, quando parece
110 2168 1130 2311 ria, esta señal, de la llegada
103 2291 1154 2421 de los dioses, yua y venja, ca
115 2389 1122 2513 da hora, muchas vezes ami
108 2458 1164 2615 rar el montoncillo de la hari
109 2584 1173 2712 tia: y en viendo la pisada sobre
90 2687 1157 2833 la harina, luego aquel satrapa
103 2774 1163 2927 dezia. Venido ha su magestad:
84 2850 1145 3045 en oyendo los demas satrapas
97 2961 1188 3110 y ministros de los ydolos esta boz,
91 3076 1150 3236 luego se leuantauan, ytoca
99 3181 1162 3314 uan sus caracoles, y cornetas,
103 3276 1146 3378 en todos los cues, en todos los
78 3368 1163 3534 barrios, y en todos los pueblos.
86 3483 1157 3621 Enesto entendia toda la gente
102 3572 1154 3709 que los dioses, eran llegados:
98 3677 1165 3811 luego todos comencauan ayr a
87 3740 1185 3895 los cues, con sus ofrendas, para
1484 25 1904 230 Terelleço.
2251 88 2507 239 fo. A.
1191 249 2368 386 loa, quauh caxic in tetentiuh,
1176 363 2375 534 mecqujtqujtiuh: moacic ixpā
1190 476 2380 626 meccontoma, contemjlia. Auh
1194 613 2372 735 mjquac ie ioa, mectlatlaoano,
1203 718 2390 830 tlatlaoanalo, in veventzitzin,
1205 832 2373 1000 mjlamatziitzin: mjuh qujto
1193 945 2339 1103 aa, qujlmach qujcxcpaca.
1205 1055 2398 1219 cuh mo acic ic navilhujtl, vn
1210 1195 2375 1344 can ontlamj, i acxoiatema
1201 1312 2351 1457 liztli: iquac qujtepeoa mac
1201 1422 2325 1555 xoiacl. Auh mo acic iema
1214 1526 2395 1716 cujlilhujtl, i ie vel iquac te
1215 1656 2368 1779 rctleço, iie ic ontlamj cempo
1210 1774 2324 1921 al ilhujtl: ibal nepantla, i
1208 1882 2405 2054 qujchioaia iotextli, qujtepitz
1211 1999 2369 2137 tlaliaia, qujpachoaia; iaoal
1202 2106 2350 2275 tic mjc qujtlaliaia, petlapa
1217 2230 2331 2396 icontlaliaia: mjquac mu
1221 2340 2436 2491 chintin oalacia, hecoia intetere,
1228 2451 2414 2619 qujcencaoaia, cemolinja, mjc
1230 2574 2393 2711 iecoia teteu: auht in quacujlli
1236 2700 2385 2836 mj veveio, itoca: Teuoa, mocuj
1223 2795 2388 2926 tlacueptinemj, in conjtta, ach
1226 2913 2372 3071 ca in conjcta, aquemā motla
1214 3014 2445 3169 lia, canjc nemj, in conjtta; aquē
1235 3150 2403 3267 man conjcxicaoa, in conjtta
1245 3233 2452 3391 iotextli, moteneoa: icxi. Auh
1245 3351 2356 3494 mo hecoc, vncan conjcta, re
1251 3489 2429 3575 xitontli, in vncan icac, iotex
1242 3597 2420 3736 pan: anoço itenco, mmoque
1241 3699 2443 3852 ta iotextli, texcxitinj: njma
