2622 4240
635 -3 1212 211 Libro. E
132 257 1303 397 a enrramar las capillas, que tenjan por
140 373 1334 472 tareas señaladas: en haziendoles la señal
141 438 1327 576 que esperauan, arrancauan todos jun
139 537 1288 650 tos, con sus ramos, y cañas, con priesa
127 606 1297 729 muy diligente: y cada vno yua dere
123 688 1315 806 cho, al iugar donde auja de poner sus
139 773 1315 913 ramos: y si alguno erraua el puesto don
130 858 1319 951 de auja de poner las cañas, o quedaua
137 953 1298 1064 atras de sus compañeros, y no llegaua
121 1014 1304 1139 juntamente con los otros, al poner de
125 1107 1303 1236 las cañas, penauanle, auja de pagar
133 1179 1338 1280 vna oallina, o vn maxtle, o vna manta:
127 1264 1326 1390 ylos pobres pagauan, vna bola demasa
141 1343 1292 1453 en vna xicara puesta. Estas penas
138 1409 1310 1512 eran para el acusador: estas penas se
133 1494 1306 1620 pagauan, enlos quatro dias, porque en
131 1586 1322 1707 el qujnto dia, ninguno se podia redemjr,
129 1659 1283 1788 sino que auja de ser castigado. llegada
135 1737 1328 1872 ala fiesta, todos hazian la comjda que
141 1831 1321 1945 se llama etzalli: no quedaua nadie, que
141 1919 1319 2042 no lo hiziesse ensu casa. Este etzalli, era he
132 1986 1300 2113 cho de mahiz cozido a manera de arrur
123 2076 1313 2218 y era muy amarillo: despues de hecho,
125 2164 1331 2288 todos comjan dello, y dauan aotros: des
119 2256 1312 2385 pues de comjdo, los que querian bayla
127 2336 1325 2471 uan, y regozijauanse muchos, se hazian
126 2424 1314 2550 zaharrones disfracados, de diuersas ma
136 2508 1344 2629 neras: y trayan en las manos vnas ollas
135 2587 1325 2685 de asa, que se llaman xocujcolli, anda
142 2674 1338 2772 uan de casa encasa, demandando etzal
133 2757 1304 2885 o arruz: cantauan y baylauan alas
131 2843 1304 2968 puertas, dezian sus cantarejos: yala
127 2925 1290 3049 postre dezian, si no medas el arruz,
122 3016 1303 3134 agujerarte he la casa. El dueño de la
127 3096 1303 3205 casa, luego le daua vna escudillade
145 3208 1282 3282 arruz: andauan estos de dos endos,
134 3264 1292 3387 de tres en tres, de quatro en quatro,
124 3340 1305 3476 y de cinco encinco. Començauan este
118 3430 1349 3569 regozijo, ala media noche, y cesaua en
133 3510 1298 3639 amaneciendo. En saliendo el sol, apa
130 3595 1310 3737 rejauanse, los satrapas, con sus ornal
134 3680 1319 3796 mentos acostumbrados, vna xaqueta
136 3754 1343 3887 dabaxo, y encima della, vna manta del
130 3839 1313 3993 gada trasparente, que se llama aiauh
130 3928 1343 4063 quemjtl; pintada de plumas de papaga
1615 39 2538 219 delas: cerimonjas
1407 258 2574 424 iehoatl in uentelolotli, ic moqujx
1414 367 2557 527 tiaia, cenquauhxicalli: auh y
1414 479 2558 609 njxqujch nequjxtilonj, moch
1409 568 2571 727 qujmocujlia in tlamanj, intea
1409 686 2561 809 ci, in teacinj. Auh in ieic ma
1412 797 2516 940 cujlilhujtl, in ie yquac ilhujtl,
1402 901 2558 1013 aocac vel moqujxtiaia, in ma
1414 1008 2573 1157 nel itla cenca vey ic moqujxtia
1403 1101 2548 1252 ia, aocmo qujceliaia. Auh in
1402 1201 2564 1346 ie iquac ilhujtl, yn jxqujch tlacatl
1414 1345 2551 1477 maceoalli, qujmochiujliaia etza
1393 1447 2572 1599 lli, metzalhujaia, vel cen vetzi, a
1401 1571 2548 1723 iac yn macamo metzalhujaia:
1402 1698 2597 1854 auh yn iquac oicucic, njman qua
1403 1818 2572 1984 qualo, netech qujmomamaca, ne
1399 1910 2563 2071 panotl ic mococooachioa. Auh in
1404 2027 2574 2193 cequjntin papaqujnj, ynahauje
1407 2171 2575 2310 ni: yoan in cequjntin tiacaoan,
1404 2270 2584 2429 mamaceoa çan ic mellelqujxctil
1411 2389 2576 2532 injc muchichioa mixteiaiaoaltia
1406 2510 2555 2655 in cintopil, cacalactinemj intecha
1403 2627 2549 2779 chan, etzalmaceoa: intlan ca an
1395 2715 2566 2887 tinemj xocujcolli etzalcomjtl. Aui
1405 2844 2570 3023 ynjc mamaceoaia queoaia. Yn
1409 2966 2542 3116 naie ynnaie tlaachi in motzal,
1395 3093 2554 3237 intlacamo xinechmaca, njmjtz
1406 3189 2575 3365 calxaxapotlaz. Auh in chanequh
1400 3305 2559 3501 njman qujoalmaca, centlaololo
1387 3421 2567 3612 lli etzalli, contlalitiuj yn etzal
1399 3554 2561 3745 comjc: cequj macujlli, ce qujchi
1423 3690 2552 3854 quacen, cequj chicome, manti
1407 3823 2560 3958 nemj in mamaceoa. Jnjn etza
1404 3912 2549 4067 maceoaliztli, ioalnepantla in pec
