2600 3998
549 79 956 273 L.ibro.
99 267 1249 436 an laroa vida, y eran dicho
111 397 1227 595 sos: aunque muchos de
105 519 1242 703 los, que en el nacian: mu
117 659 635 832 rian luego.
149 819 1231 1140 Rllecmo serto sieno
129 1097 1218 1225 llamauan ce cozcaquautli:
136 1192 1240 1336 este signo, dezian: que era bi
154 1286 1237 1435 en afortunado: y que era el
142 1394 1224 1532 signo de los vrejos, dezian.
148 1470 1227 1623 Que los que nacian eneste
157 1560 1221 1712 signo: biujan largavida: y e
157 1655 1245 1806 ran prosperos, y biujan ale
159 1757 1276 1912 ores eneste mundo: no empe
137 1842 1238 1980 ro todos los que nacian an el
148 1951 1251 2061 eran tales.Y los que nacian
158 2051 1245 2201 eneste signo: los padres si te
162 2171 1251 2287 njan que gastar, con sus amj
164 2260 1298 2396 gos: luego les baptizauan, eneste
167 2354 1244 2509 signo: ca cozcaquauhtli: Y los q̄
170 2484 1273 2607 no tenjan que gastar: para buj
168 2578 1252 2716 çar loque exa menester: difi
165 2697 1260 2797 rian el baptismo, hasta la sej
163 2773 1277 2877 tima casa: que selloama chicome
189 2881 1249 2990 ecatl. Casegunda casa deste
176 2982 1256 3126 signo: se llama vme calli: la
179 3076 1282 3241 terçara, ey tecpatl: la quarta,
180 3202 1261 3338 navi qujavitl: la qujnta, ma
174 3287 1278 3428 cujlli suchitl: la sexta, chiqua
191 3384 1260 3539 cen cipactli: la septima chi
179 3495 1248 3626 comeecatl: la octaua, chi
183 3599 1287 3749 cuey çalli: la nona, chicuna
173 3693 1270 3814 De cuetzpali: la decima, ma
1406 119 1571 281 .
1292 246 2462 401 tia, vecaoquia, ie ce amonelli iuh
1314 366 2440 562 muchioaia, iehica ca mjequjn
1318 497 2408 683 tin ic iuhcamjquja, in vncan
1303 659 1635 799 tlacatia
1315 826 2392 1095 Ince cozcaquachitli:mjncozca
1327 1034 2456 1208 quauhtli, mjtoa veue tonalli, caquez
1333 1124 2447 1300 qujcan omjto, muihquj itlatlatollo:
1317 1230 2509 1408 maqujn vnean tlacatia, qujquallitta
1313 1364 2422 1516 ia, qujtoa veueliz, ilamatiz, quj
1320 1453 2429 1632 tlamjz, qujtlamjteoaz inpaqujliz
1315 1576 2409 1718 tli, ioan mocujltonoz, tlamaujçoz
1335 1678 2442 1827 i tlaltecpac auh tel cannoipantia:
1334 1782 2414 1954 maqujn iuhquj ipan mochioaia,
1334 1906 2455 2045 iehica ca mjectlacatl mjquja, mjpan
1330 2001 2444 2127 tlacatia: auh in tlaoncapoliujnj, po
1324 2108 2422 2263 poliujnj, inqualonj, tenechicolonj,
1337 2212 2485 2365 tecentlalilonj, tetemolonj, teiximacho
1337 2324 2451 2468 nj, tetlacamachonj, tecommotzalonj,
1341 2434 2468 2575 njman iquac caltia mjpan itonal,
1337 2521 2451 2690 ic qujnotza Cozcaquauh: auh intla
1352 2637 2447 2778 cacetle popoliujz, occonchololtia i
1334 2742 2486 2900 pilhoaque, oqujc onmotlamachia,
1341 2840 2467 2989 oqujc conjhimati, mjxqujch mone
1334 2964 2473 3104 nenequjz, qujnjpan caltia ichico
1352 3047 2516 3215 me hecatl. Aut in contoqujha vme
1347 3172 2468 3322 çalli, ioan el tecpatl, nauj qujavitl,
1347 3269 2455 3446 macujlli suchitl, chiquacen cipactli,
1360 3381 2475 3563 chicome hecatl, chicuec calli, chicu
1347 3490 2497 3632 nauj cuetzpalin matlactli coatl, ma
1341 3587 2467 3735 tlactloce, mjqujztli matlactlomome
1354 3672 2477 3814 maçatl, matlactli vmei tochtli. Injx
