2702 4222
2378 -83 2609 169 Fl6.
2410 146 2715 288 fol. 70
366 217 2224 418 lApencliz del quarto libro en romāce
601 364 2199 577 Yes vna appologia en defenssion de
577 480 2033 701 la verdad que enel se contiene,
-15 875 2520 1100 Porque algunos se an engañado, y aun todavia dura el engaño
22 995 2499 1221 cerca deciertas cuentas, que estos natuerales vsauan antiguamente:
16 1090 2508 1331 Tengo por cosa prouechosa poner aquj, la declaracion de tres ma
24 1188 2551 1409 neras decuentas, que vsauan, y avn en algunas partes las vsan,
11 1279 2485 1538 Es la primera cuenta, la division del año por sus meses. Es el
11 1371 2528 1661 caso que ellos repartian el año, endezi ocho parres: y acada par
8 1516 2487 1749 te, le dauan veite dias, estos sepoeden llamar meses : dema
16 1568 2523 1874 nera, que su año tenja dezi octo meses: los quales, con tienen tre
24 1700 2547 1998 zentos y se tenta dias, y los emco que sobran, para ser año cum
19 1815 2488 2098 blido, no entran encuenta, smo llamauan los dias baldios, y
18 1913 2481 2202 aziagos, por que anjngun dios exan de dicados. El fin aque en
18 2026 2493 2299 derecauan esta diujsion es, que cada mes o cada vente dias, los
12 2122 2489 2389 dedicauan aundios, y enellos le hazian fiestas, y sacrificios, ex
21 2262 2480 2480 ceto que en dos meses hazian fiesta aquatro dioses, declicando
22 2408 2496 2598 diez dias a alvno, y otros diess alotro. Pansi conser los meses
24 2546 2476 2706 dezi ocho, las fiestas que celebrauan enellos exan vemte. Esta
35 2643 2484 2806 cuenta, se llama calendario, donde todos los dias del año. e
26 2745 2449 2909 dadican alos dioses, excepto los emco que como esta dlicho
20 2879 2439 3012 los tenjan baldios y aziagos. Esta cuenta, quees el calendario
21 2959 2420 3178 que estos naturales tenjan de trempo sm memoria: no tiene
26 3077 2466 3280 que hazesr, con las otras dos cuentas, que luego sedira.  La se
26 3237 2458 3387 gunda cuenta que estos naturales vsauan, sellama cuenta
33 3314 2497 3480 delos años, por que contauan cierto numexo de años, por la for
27 3456 2506 3596 ma que seigue: tenjan quatro caracteres, puestos en quatro par
24 3585 2478 3705 tes en respecto de vn circulo redondo. M alvno destos caracte
39 3679 2502 3805 res llamauā Ceacatl, que qujere dezir, vna caña: este caracter,
25 3803 2503 3934 era como vna caña verde pmtada, q̄en respecto del erculo, esta
18 3901 2481 4060 ua hazia al orcente. Al segundo caracter, llamauan cetocpatl,
