2456 3974
505 33 1116 219 Libro. E.
87 232 1231 363 ala matrona, que las guardaua,
83 331 1226 467 paraque la lleuasse, no osaua
78 415 1210 556 llamarlas publicamente: la ma
68 520 1255 661 trona la lleuaua acasa de aquel
78 627 1184 750 o adonde el mandaua, de no
76 710 1236 853 che la lleuaua, y de noche sa
74 816 1240 984 lia. Si alguno destos hazia esto
83 926 1237 1090 publicamente, era se le tenjdo a
84 1019 1237 1174 mal; y castigauanle por ella pu
87 1141 1207 1275 blicamente, qujtauanle los ca
80 1235 1214 1394 bellos, que traya por señal de
77 1348 1215 1485 valiente, que ellos llamauan
85 1452 1216 1597 tzotzoçolli, y tomauanle las ax
89 1538 1233 1720 mas, y los ataujos que vsauia.
76 1677 1219 1832 El castigo era que le apaleaua
89 1776 1210 1945 yle chamuscauan la cabeca, to
81 1873 1216 2023 do el cuerpo se le arronchaua, y
72 1969 1197 2135 hazia vexigas del fuego, y de los
80 2109 1198 2240 palos, luego le arronjauan por
80 2199 1219 2338 ay adelante: y dezianle, andaue
86 2274 1191 2423 te vellaco, aunque seas valien
80 2390 1207 2556 te, y fuerte, no te tenemos en
83 2503 1215 2623 nada: aunque vengan nuestros,
78 2606 1220 2775 enemigos, a hazer nos guerra no
75 2693 1186 2847 haremos cuenta deti. Estas y
82 2801 1211 2962 otras palabras injuriosas le dezi
71 2896 1223 3054 an: despues que le echauan por
77 3006 1217 3158 ay aenpellones, yuase azcadila
81 3108 1180 3278 do, y cayendo, y quexandose,
76 3221 1200 3380 por el maltratamjento, que le a
82 3314 1213 3478 ujan hecho: nunca mas boluja
74 3413 1196 3571 adançar nj acantar. Y la mu
73 3534 1237 3707 ger, con qujen este se auja amā
82 3630 1214 3761 cabado, tambien la despedian
78 3740 1231 3858 de la compañja, de las otras, nun
1466 31 2362 198 de las cerimonjas.
1335 224 2362 357 ynmaaca moteujcalti, in ma
1331 354 2395 469 aca telpuchtlaueliloc qujujca:
1335 439 2356 590 Tel in pipilti, qujmonilhuja
1330 531 2381 704 ia in cioa, tlaiacanque, ynic
1321 681 2356 805 cequjntin qujncaoatiuj, teca
1318 810 2353 924 oatiuj: amo çan moiocoiaia
1326 891 2347 1036 yn canapa via, tetencopa
1337 993 2369 1142 muchioaia. Auh ynonte
1323 1117 2360 1258 caoaia, vmpa motlauhtia
1308 1214 2374 1382 ia, vmpa tlauhtiloia, yoa
1330 1353 2374 1535 vmpa tlamacoia: auh no
1319 1463 2391 1632 tlatlauhtiloia, in cioatachca
1308 1616 2377 1745 oan, in cioateiacanque, mo
1307 1728 2399 1860 tlaçauja, motlatlacauja, quil
1294 1826 2353 1996 quj yn inchachan in netla
1311 1954 2361 2110 caujl. Auh inteachcaoan
1294 2083 2346 2214 inteachcauh, tlaiacatia, in
1300 2188 2382 2323 mauiztililonj, çan ichtaca in
1304 2309 2390 2461 qujnnaoatia cioa, amo teix
1290 2410 2404 2561 pan, aco ichan in qujchietiuh,
1306 2525 2405 2654 anoço canapa in qujnaoatia:
1288 2633 2395 2771 can iuhquj, yn ichtacaquaia.
1297 2745 2394 2880 Auh in cioatl, çan oaliooal
1290 2844 2391 3027 qujca çan moiooalpoloa, oc
1296 2966 2397 3138 ueca ioan in qujça: auh intla
1297 3105 2370 3237 aca ittoz, in momecatitine
1299 3218 2387 3379 mj, ic tlaqualanjaia, ic tlaio
1275 3340 2376 3475 litlacoaia, ica necentlalilo, y
1285 3458 2383 3596 ca nenonotzalo, in vncan cuj
1302 3564 2346 3724 cacali: vncan teixpan quj
1300 3697 2383 3874 tlatzacujltia, ic qujtzotzocolten
