2614 4130
540 67 986 262 Librō
8 324 1215 462 ziviuja: y otras, quando oyā
56 464 752 602 que exa muerto.
22 664 1184 861 ujendo se pontido el mexca
49 791 1179 962 der: que se auja despedido de
58 903 1195 1072 sus parientes, y de su casa, o pa
56 1013 1203 1173 dae, o madre, o muger, o los hi
65 1110 1244 1280 jos: todo aquel tiempo que esta
64 1214 1221 1382 ua ausente, no dauauan la cabe
65 1353 1216 1503 ça, nj la cara: sino de ochenta,
58 1445 1221 1604 a ochenta dias: enesto dauan a
77 1558 1174 1702 enter, que hazian penjtencia,
77 1645 1264 1815 por su hijo, o por su marido, o por
70 1772 1215 1923 su padre que estaua ausante:
75 1860 1274 2025 bien se ilauauan el cuerpo en este
74 1977 1257 2143 tiempo, pero no la cabeça: hasta
79 2123 1240 2247 la venjda de aquel que espera
71 2219 1301 2354 uan.Y si poruentura muria alla:
75 2335 1240 2465 primero lo sabian los mexcaderes
96 2430 1273 2568 vieios, y ellos loyuan a dezir ala
96 2542 1285 2663 casa del muerto: paraque le lloraj
74 2640 1265 2801 sen, y paraque le tuziessen sus obse
88 2751 1234 2895 qujas, y honrras: como ellos acos
92 2837 1258 2978 tumbrauan. Y entonces: yvan to
96 2925 1283 3102 dos los parientes del muceto, avisi
98 3026 1292 3181 tan, y a consolar ala muger, o pa
91 3138 1303 3282 dre, o madre del muerto. E despu
103 3246 1270 3347 es de quatro dias, hechas las ob
100 3351 1274 3485 sequjas: lauauan la cara, yxabona
109 3441 1315 3583 uan la cabeca, dezian: que qujta
111 3530 1274 3695 uan la tusteza. Y si poruentura a
105 3615 1266 3772 quel mercader, le aujan muerto fus
110 3734 1301 3881 enemigos: en sabiendo lo, los desu
120 3829 1332 3957 casa: hazian su estatua de teas ata
1480 105 1691 273 A.
1293 274 2494 459 pa vecanemja: ioan inje mox
1276 406 2505 605 tlaoaia mjpampa in mjqujtl:
1288 553 2527 822 uli mjchantlaca: njman iquac
1300 777 2465 922 çompeoaltia in tlamaçeoaia, motzo
1301 858 2513 1012 iotia, aocmomamovia, telvelmaltia
1300 965 2519 1132 yn jntlacapa, ie ce aocmopolaquj: auh
1304 1102 2494 1222 nanapoaltica qujmattiuj, i mamovi
1308 1200 2487 1343 tiuj: mjc qujnextia, qujtemachatia,
1311 1293 2462 1452 cacpampa tlamaceoa mjnconeuti,
1308 1428 2440 1568 mjntelpuch, m oqujxcauhque, ix
1318 1540 2470 1676 qujchcaujtl iuhqujchiuhtinamj, mj
1319 1641 2507 1785 qujn qujçaqujuh: auh itlanoce omj
1327 1745 2525 1904 qujto, iehoam achto caqujtilo, in piuch
1334 1879 2458 2019 teca veuetque, in tequjuh, intezol
1328 1993 2498 2115 melaoazque, i teiolpachiujtizque,
1331 2089 2480 2227 iehoantin qujcalaquja m ehoqujz
1325 2208 2480 2348 tli, mjxaiotl, mjchan omjqujto, ic
1331 2305 2470 2477 qujtemachitia, mjc naujltiujtl il
1343 2405 2514 2536 namjcoz, mjccaoatizque mjchan tla
1339 2513 2513 2654 ca, mjctlapalolozque, ellaquaoaloz
1340 2615 2537 2758 que, qujmjloloz in inconeuh: auh ti
1345 2731 2500 2884 oqujz navilliujtl iquac mamovia
1348 2821 2476 2968 mjchantlaca: ic mjtoa, momjcca
1338 2932 2529 3079 altia injc compopoloa, comilcaoo
1355 3038 2479 3172 in tlaoçol: auh in tlacana oiaomjc,
1361 3158 2503 3308 qujtlaliaia ieujllo, queujllotia, que
1343 3264 2527 3411 ujllotlalilia, ixiptla qujchichiujlia,
1368 3378 2501 3525 mjn eniltotl: canoço quavitl çaquj
1358 3476 2515 3645 tzatzaianaia, ca tepan qujcujtlapiā.
1365 3609 2512 3753 auh ixqujch iteohqujtlalia, i amja
1361 3698 2567 3851 tlacqutl, i amanechichioalli, inalja
1364 3810 2536 3964 ociçolli, mama cozcatl, mamaneapjan
