2594 3912
598 -1 969 176 libro. E.
58 173 1121 338 Exclamacion, del autor.
65 328 1254 474 No creo, que ay coraçon tanduro, que oy
68 418 1256 550 endo, vna crueldad, tan in humana, y
66 503 1248 630 mas que bestial y endiablada, como la
69 587 1249 725 que arriba queda puesta: no se enter
69 682 1239 819 nezca, y mueua alagrimas, y orror
57 766 1257 916 y espanto. Y ciertamente, es cosa lamē
57 873 1239 1008 table, y orrible, ver que nrā huma
70 954 1245 1084 na naturaleza, aya venjdo atanta
68 1043 1238 1180 baxeza, y oproprio: que los padres por
68 1156 1246 1271 sugestion del demonjo, maten ycomā
65 1236 1246 1360 asus hijos Csin pensar, que en ello ha
63 1334 1229 1461 zian offensa njngunas mas antes cō
76 1411 1216 1558 pensar, que enello hazian, gran ser
75 1494 1256 1630 ujcio asus dioses. La culpa desta tan
63 1593 1224 1729 gruel ceguedad: que enestos desdicha
77 1670 1232 1785 dos njños, se esecutaua, no se deuetā
64 1767 1262 1905 to imputar a la crueldad de los padres:
58 1871 1229 2004 los quales derramando muchas lagri
68 1967 1237 2109 mas, y con gran dolor de sus coracones
62 2050 1221 2196 la exorcitauan: quanto al cruelissimo
64 2159 1209 2292 odio, de nuestro antiquissimo enemj
58 2249 1230 2409 go satanas: el qual con malignissi
63 2360 1252 2483 ma astucia, los persuadio atan infer
58 2456 1191 2581 nal hazana. O señor dios, hazed
69 2533 1240 2689 iusticia deste cruel enemigo, que tā
52 2644 1212 2784 to mal nos haze, y nos desea hazer:
56 2746 1233 2915 qujtalde señor, todo el poder de em
45 2898 282 3012 pecer.
76 3232 1204 3406 Capitulo tercero, de las ceri
58 3375 1202 3536 monjas, y sacrificios, que ha
40 3502 1218 3643 zian en el segundo mes: que
43 3612 1207 3773 se llamaua tlacaxipeoaliztli.
1601 7 2461 176 de las ceximonjas.
1360 214 2523 361 cen qujcuj, yn intlatquj, tlauhio:
1363 331 2543 484 aocmo quipatla, aocmo qujpapa
1363 450 2518 609 tla: yoan vltica qujnoahoanchi
1351 553 2483 690 chioa. Auh intlamanj, inte
1349 668 2528 828 manj, in male, in teacinj, nomo
1349 801 2524 923 tlauhoça, mopotonja, motzomaia
1344 927 2533 1081 ynjma, yn icxi iztac totoliujtica.
1351 1002 2516 1152 Auh no macoia, tlacotlanquj tla
1349 1124 2518 1303 uiztli, amo ic cen macoia, canipā
1349 1260 2515 1415 tlatotonjaia, çan ipan momalito
1345 1363 2528 1498 tiaia: çan ic neci, çan ic itto, can
1336 1487 2509 1644 ic tetlamauicoltia, çan ic ipan il
1350 1612 2463 1784 hujtla, çan ic tetlattitia, ynjc
1349 1731 2468 1888 oaoano ymal: yoan ychimal
1335 1863 2515 1993 ietiuh, ymac mantiuh, ic mo
1327 1949 2516 2117 mamantiuh: yoan ichicaoazie
1329 2091 2528 2249 tiuh, chicaoaçotiuh, qujtilquetz
1323 2220 2509 2370 tiuh in chicaoaztli, chachalaca,
1343 2342 2498 2481 cacalaca. Auh muchinti, iuh
1314 2480 2468 2639 muchichioaia, yn ixqujchtin
1320 2607 2527 2761 maleque, in tlamanjme: ynjn
1315 2725 2533 2871 malhoan oahoanozque, yn iquac
1327 2817 2470 3004 oacic ilhujtl tlacaxipeoaliztli.
1483 3165 1906 3276 cempoaliocaci
1319 3223 2473 3396 Jnic ex capitulo, ytechpa tla
1305 3370 2467 3504 toa in tla mauiztililiztli, yoan
1299 3479 2484 3622 in nextlaoaliztli, in qujchioaia,
1302 3583 2505 3727 yn ipan vel ic vntetl metztli, in
1318 3694 2336 3824 mjtoaia, tlacaxipeoaliztli.
