2726 4274
268 88 967 290 de las mugeres
83 275 1231 434 y vn incensario de barro, y incienso
86 374 1230 516 que se llama copalli blanco: Podo es
95 463 1238 612 to presentauan, al quacujlli, ocura.
98 542 1203 704 vecho esto, el quacujlli encargaua
97 641 1206 795 mucho ala madre que tuujesse
90 738 1226 913 mucho cuydado, de criar asu hija:
89 847 1240 1001 Y tambien, de que deveynte, en ve
95 930 1257 1095 ynte dias, tuuiesse cuydado, delle
98 1029 1250 1182 uar al calpulco, o perrocha de suba
98 1119 1231 1275 xrio, aquella misma ofrenda, de
92 1207 1261 1375 escobas y copal, y leña para quemar,
95 1298 1248 1467 enlos fugones de la yglesia. Aque
88 1400 1257 1593 lla njña, desque llegaua a edad de
103 1527 1274 1705 discrecion, informada de su madre,
111 1615 1277 1787 cerca del voto, que auja hecho ella
105 1715 1236 1856 mjsma se yua al templo, donde
124 1812 1239 1977 estauan las otras donzellas: y lle
113 1939 1232 2096 uaua su ofrenda consigo, que era
122 2009 1247 2153 vn in censario de barro, y copal. des
133 2119 1250 2280 deste tiempo, hasta que era casade
147 2227 1246 2372 ra, siempre estaua en el templo,
141 2306 1272 2469 debaxo del regimjento de las matro
134 2414 1286 2583 nas, que criauan alas donzellas:
112 2506 1271 2656 y quando ya siendo de edad, la de
132 2610 1295 2770 mandaua alguno, para se casar cō
127 2700 1290 2844 ello: en estando concertados, los pa
125 2802 1308 2973 rientes, y los principales del barrio,
134 2897 1298 3071 paraque se hiziesse el casamjento,
135 2988 1293 3142 aprestauan la ofrenda, que aujā
126 3085 1255 3271 de lleuar: que era codornizes, y
126 3193 1301 3379 encienso, y flores, y cañas dehumo
123 3289 1293 3473 Vun incesario de barro. Y tambi
127 3404 1296 3594 en aperejauan comjda: luego to
128 3527 1308 3692 mauan ala moça, y la lleuauan
127 3627 1306 3779 delante de los satrapas, al mjsmo
119 3739 1319 3916 Templo. Y tendian vna manta orā
137 3808 1311 4046 de de algodon blanco: y sobre ella
1452 48 2056 246 del templo.
2313 86 2602 226 fo. 145.
1314 248 2539 419 tonti in mactentivia, yoan in tlema
1307 377 2516 545 qujtquja: yoan copalli aiatle vn
1314 486 2526 652 iehiuh tletl qujn iehoatl qujmatiain
1316 604 2530 776 iehoatl quacujlli incampa moneqz
1310 721 2517 884 in tlemaitl. Auh in oconetoltitoin
1325 841 2554 998 cihoapiltontli njman icqujvica: ca
1327 960 2528 1133 ixqujch in vmpa concavaia intle
1311 1081 2538 1251 maitl yoan in copalli: auh inie
1334 1202 2551 1370 hoatl, in quacujlli njmanqujval
1331 1339 2587 1501 naoatia, in nantli injcamo qujxic
1345 1465 2512 1637 caoaz in jconeuti, yoan injc amo
1345 1600 2533 1770 tlaxiccaoalz, injc qujcaoatiuh in
1347 1719 2500 1891 popotl, yoan in copalli, anoço
1350 1846 2557 1990 tlacxipeoalli, in cecempoaltica in
1352 1955 2557 2128 vmpacalpulco. Auh in iquac in
1342 2073 2527 2233 ie movelitta in ieichpuchtli, ca
1345 2181 2578 2370 monomaviaia in calaquja, in cal
1366 2314 2539 2497 pulco, yoan çayiollotlama inte
1358 2432 2557 2609 isquentiaia, noqujtqujtiuh in
1377 2557 2575 2731 tlemaitl in copalli. Auh in iquac
1373 2687 2553 2852 in ovelmacic cihoatl, in tlaieitla
1370 2822 2563 2957 no, in iehoatl in cihoatlamacaz
1370 2928 2588 3114 quj: auh intlavel omotlali intla
1378 3049 2569 3217 tolli in tlaocezque, intetahoan
1389 3176 2634 3355 intenanhoan in tlaxillacaleque
1387 3317 2606 3471 in pipilti njman ie tlacocohoa
1386 3441 2582 3634 lo qujcohoa, in colin, yoan in
1396 3563 2591 3751 copalli, in suchitl, in jietl, yoan
1386 3702 2553 3874 in tlemaitl, yoan mocohoaia
1393 3822 2598 3968 tlaqualli, njman in iehoatl in
