2606 4024
612 88 1018 268 Libro.
194 282 1225 467 Caquarta casa deste sig
95 412 134 490 Aac
204 408 1229 502 no: se llamaua nauheca
51 493 1231 657 tl, dezian: que era indiferen
54 615 1208 761 te, o abien o a mal: reynan
53 719 1218 861 te este signo: matauan alos
67 826 1252 988 adulteros, de noche: y en ama
69 915 1228 1050 neciendo hechauan los enel a
67 1024 1213 1196 gua. Fambien matauan a
80 1143 1225 1297 los captiuos, por la vida del se
76 1234 1217 1436 nor: porque viviesse muchos
80 1349 1270 1520 anos: como esta susu dicho
70 1443 1202 1627 En otro ligno llamado ce
93 1563 1244 1726 qujavitl: tambien reynante
97 1656 1227 1814 este signo: los nigromanti
87 1779 1227 1928 ços, hazian sus maleficios,
84 1893 1249 2064 y encan tamjentos: y tenjan
86 1981 1240 2159 gran temor deste signo na
84 2091 1226 2247 uecatl. P or esto, ponjan, y
77 2203 1231 2336 metian cardos en las venta
91 2323 1247 2468 nas, dezian, que con aquello
87 2413 1262 2608 se huyan los hechizeros. Y los
99 2536 1281 2687 mercaderes, ricos: que sellamā
83 2643 1262 2785 acxoteca, honrrauan este sig
98 2740 1252 2938 no: y por su honara sacauan
94 2874 1264 3040 todas las cosas preciosas, que
101 2979 1257 3132 tenjan en sus casas, piedras
95 3093 1258 3243 preciosas, y ioyas: y todos, los
108 3183 1263 3352 plumajes ricos, de todas colq
113 3327 1299 3448 res, y los cueros de anjmales
88 3432 1277 3602 labrados: y mercaderes de ca
110 3503 1305 3705 cdo, y atapadores de galapago,
104 3626 1305 3807 para tecomates: y todas las al
101 3739 1324 3881 hajas que tenjan. Podo loqual
1612 67 1780 259 q..
1457 246 2483 393 njpan nauh ecatl: tonalli mjtoa:
1458 354 2480 502 qualhi, ioamn amo qualli, ca vnean
1332 469 2461 595 amjctiloia, qujnquech mecanjaia:
1311 573 2486 715 qujnquechtzonmiaia, qujnmecanjaia,
1300 665 2459 818 qujnpiloa, qujncuexcochvivitequj,
1307 774 2444 946 qujnquatepipitzmja: in moteneoa
1305 882 2498 1028 tlaçolchiuhque, in tetlanxinque, can
1316 962 2510 1144 iooan in mjctiloia, moallachi ie tlacuj
1315 1100 2486 1250 tlapocaoa, atlan qujmonmamaiavi
1315 1203 2492 1340 oioan cequjn vncan mjquja, inma
1320 1299 2497 1445 malti, iuh mjtoa: ca iehoan in camoz
1308 1409 2502 1544 caltiaia m Motecucoma Jmiuh omo
1321 1520 2465 1683 teneuh, ipan cequjauitl, in yncan
1332 1603 2492 1777 temoa: auhieno vncan tepopoloaia,
1317 1742 2465 1867 m omoteneuhque tlatlacateculo, in
1322 1837 2480 1984 nanaoalti: auh mjc macaxoia, in
1337 1923 2492 2085 rpani tonalli nauecatl: i tlecalco
1330 2059 2489 2198 noujian ca aqujaia, in tlacateculo xo
1335 2140 2468 2295 covitztli, qujpopotzaqujaia, qujcaca
1335 2227 2470 2385 catztzaia: iuh mjtoa caic qujnpevi
1339 2315 2472 2494 aia. Auh in iehoantin pochtecia
1340 2459 2470 2577 m moteneoa: acxoteca in oztome
1347 2551 2516 2676 ca, i motlacamati, ie qujveimatia,
1347 2644 2482 2803 qujmaviztiliaia, ca vncanqujtoto
1347 2730 2535 2888 njaia, mixquich tlaçotliqujtlatitli,
1354 2861 2492 2994 mehalchiujtl, in chalchiuhtli, i que
1360 2949 2501 3100 tzalchalchiuhth, in olohuhquj, mico
1362 3052 2498 3196 matic, macatic, i ie vxqujch cozcatl,
1355 3156 2532 3321 i cozcapetlatl, in patlaoac, inpitzdoāi
1364 3238 2484 3442 xiujtl: auh mjxqujch nepapan
1363 3342 2507 3527 vitl, i quetzalli in vel iaque in vel
1369 3461 2519 3668 vitoliuj, i patlaoac, in vuac, in qujl
1359 3578 2480 3752 auja cezciacatl, içan moteca: auh
1366 3717 2546 3880 m cantotocujtlapiltic, ioan in qujltiuja
