2362 2742
242 4 2227 78 Capitulo dezinueue, habla dei dios, que se llamaua, yiacatecutli, dios de los
235 61 791 167 mercaderes. fol. 17.
246 117 2175 232 Capitulo veynte, que habla, del dios llamado: Nappa tecutli. fol. 19.
235 235 2203 350 Capitulo veynte y vno, que habla, de muchos dioses ymaginarios: a los
247 299 1497 394 quales, todos llamauan tlaloques. fol. 20.
238 348 2226 494 Capitulo veynte y dos, que habla del dios llamado: tezcatzoncatl: que
243 441 1307 559 es vno de los dioses del vino. fol. 23.
235 538 2216 689 ¶ Comiença el apendiz, del primero libro, en que se confuta
249 670 2214 746 la ydolatria, arriba puesta: por el testo, de la sagrada escriptura, y buel
247 714 2217 796 en lengua mexicana: delarando el testo suficientemente. Este li
241 766 2236 845 bro, no procede, por capitulos: y por esso no se pone aquj, el sumario:
244 842 2240 931 procede por las letras, del abecé: con que se señala, lo que se dize en la
248 914 2218 1010 tin, o en romance: respondiendo, a lo que se dize, en la lengua
257 969 716 1085 mecana. fol. 24.
566 1055 2009 1235 ¶ Sumario de los capitulos, del segundo libro.
237 1215 2218 1379 Capitulo primero, del calendario: y primeramente, de las fiestas fi
229 1325 2168 1450 xas: la primera de las quales es, atl caoalo, o quavitleoa. fol. 3.
249 1426 2196 1551 Capitulo segundo: de la segunda fiesta, que se llama, tlacaxipeoa
241 1494 804 1617 liztli. fol. ibidem.
250 1531 2212 1686 Capitulo tercero, de la tercera fiesta, que se llama toçoztontli. fol. 4.
257 1660 2298 1770 Capitulo quarto: de la quarta fiesta, que se llama, veitocoztli. ibidem.
253 1741 2221 1854 Capitulo qujnto: de la qujnta fiesta, que se llama toxcatl. fol. 5.
242 1816 2258 1926 Capitulo sexto, de la sexta fiesta: que se llama, Etzalqualiztli. ibidem.
255 1908 2317 2018 Capi. septimo, de la septima fiesta: que se llama Tecujlhujtontli. fo. 6.
244 1967 2268 2091 Capitulo octauo, de la octava fiesta: que se llama, veytecujlhujtl. ibidem.
242 2081 2161 2208 Capi. nono, de la nona fiesta: que se llama, tlasuchimaco. fol. 7.
246 2151 2269 2282 Capitulo decimo, de la decima fiesta: que se llama, xocotl vetzi. ibidem.
244 2225 2199 2346 Capitulo. 11. de la onzena fiesta: que se llama, Ochpanjztli. fol. 8.
254 2324 2180 2444 Capitulo. 12. de la dozena fiesta: que se llama, Teutleco. ibidem.
259 2397 2316 2520 Capitulo. 13. de la fiesta, tercia decima: que se llama, tepeilhujtl. fo. 9.
252 2477 2286 2597 Capitulo. 14. de la catorzena fiesta: que se llama Quecholli. ibidem.
261 2570 2237 2688 Capitulo. 15. de la qujnta decima fiesta: que se llama Panquetza
267 2653 441 2742 liztli.
641 2660 685 2726 lo
468 2651 535 2728 tō.
