2670 4124
654 42 1087 258 Lio.
109 257 1296 445 qujere dezir espadarte. La nō
124 406 1300 543 uena: tenja ehecatl, que qujere
116 516 1302 633 dazir viento. La dezima: tenja
117 629 1315 784 calli, que qujere dezir casa. La
126 737 1319 894 vndecima: tenja cuetzpali, que
115 848 1323 1013 qujere dezir lagartija. La duo
107 974 1306 1125 desima: tenja coatl, que quje
116 1085 1342 1228 re dezir culebra. La tredecima:
116 1214 1305 1365 tenja mjqujztli, que qujere de
126 1330 1307 1479 zir muerte. Qualqujera que
126 1460 1302 1611 nacia: aora fuesse noble, ao
137 1573 1278 1746 ra fuesse plebeyo en alguna
131 1701 1316 1858 de las dichas casas, dezian: que
127 1807 1352 1978 auja deser catiuo en la guerra
162 1933 1313 2093 y entodas sus cosas: auja de
115 2041 1337 2224 ser desdichado, y vicioso, y muy
109 2197 1320 2349 dado a las mugeres: y aunque
129 2319 1306 2490 fuesse ya hombre valiente, al
115 2446 1310 2616 fin, vendia se el mjsmo: por es
131 2600 1326 2734 clauo. Y esto hazia: porque era
125 2694 1336 2870 nacido en tal signo: mas de
129 2821 1342 2986 zian. Que aunque fuesse na
115 2943 1355 3112 cido en tal signo, mal afortu
129 3072 1308 3231 nado: remediaua se, por la del
131 3195 1328 3363 tieza, y diligencia que hazia:
137 3317 1303 3469 por no dormjr mucho, y ha
130 3455 1281 3600 zer penjtencia, de ayunar
169 3513 1319 3709 spunçarje, sacando la san
135 3701 1324 3839 gre de su cuerpo, y barrien
121 3813 1349 3968 ydo la casa, donde se criaua,
1567 110 1704 258 t.
1402 248 2587 414 loia, axioaua, ioan muchi amo
1383 393 2550 570 qualli mjmaceoat, mjc nopil
1384 502 2573 671 muchioaia, canteuhtli, tlaçolli,
1382 648 2576 843 ic mjlacatzotinemj, teuhtli tla
1392 757 2607 990 çolli cololotinemj: acan tlacaitolo,
1394 908 2561 1142 tetlaxima, tepaniauh, tetlan
1381 1048 2597 1281 aaquj, cueitl, vipilh tepancana.
1386 1191 2630 1400 icioaxic ie tinomj Auh in tlanelao
1383 1390 2581 1566 tiacaut, oquichtli tlamanj mul
1393 1544 2534 1716 chioaca, vel monamacaia, mo
1389 1667 2544 1833 tlacocaoaa tevic, temecapal,
1392 1803 2596 1986 muchioaia, victli, mecapalli quj
1391 1949 2607 2129 mottetiaia, iuh mjtocua: ca iuliquj
1388 2093 2573 2296 itonal, iuhqujiol, iuhquj: ipan
1395 2213 2598 2427 tlacat, iuhquj itlacatiliz: auhcā
1404 2390 2594 2555 ves qujçaia in aca tiacauta, amo
1408 2509 2601 2694 monamacoia, mjvian oalnenjs
1418 2654 2572 2854 tlalticpac: iehoatl mamo tlaia
1415 2801 2581 2981 quj, mjeel, ntlamocujtlavian
1399 2967 2564 3147 in cochicanj, in tlacelianj, in tla
1402 3092 2573 3297 maçeoanj, mmoçaoanj, imjco
1391 3265 2577 3425 nj, itlachpananj, in tlatzetzolo:
1388 3378 2599 3611 anj, in tlacujcujnj, in tletlalianj.
1401 3544 2568 3767 m ioalli qujtztoc, mpopoxiutl
1396 3706 2565 3869 teoa, in mocujtivetzi, in amo mo
1420 3858 2552 3983 toteca, in amo moxiecaoa, in
