2678 4098
1162 62 1557 219 Alpendiz:
2286 97 2553 236 fo. 37.
138 259 1250 396 van, tlalli yiollo, o por otro toci: de
1340 261 2494 384 yn titici, in teitzminque, vn tetlanoquj
1333 357 2450 480 lique, teispatique; auh incioa, inte
129 347 1224 522 zian que esta era la madre de
1331 436 2491 566 mjxiujtianj, tepillalilianj, tetlatlaxilia
138 461 1245 630 los dioses, y que era su abuela. E
1332 524 2482 653 nj, tlapouhque, atlan teittanj, tlaul
141 592 1237 722 ran muy deuotos desta, los medicos
1348 611 2492 742 chaiauhque, mecatlapouhque, tetlacuj
134 697 1238 834 y medicas, los hechizeros, y hechi
1327 721 2486 826 cujlique, tetlanocujlanque, teixocujlan
1326 792 2474 922 que. No qujtlatlauhtiaia in temazcale
121 800 1237 956 zeras; y los señores de los baños,
1335 857 2472 1000 que: ipampa y, qujtlalia yn ixiptla, yn
137 915 1239 1090 y temazcales, y llamauanla, te
1329 958 2514 1092 ixquac in temazcalli: yoan qujtocaiotia
1351 1053 2491 1178 ia, temazcalteci. Auh yn jsqujchtin, hi
136 1061 1225 1199 mazcalteci, toda esta gente, la
1348 1147 2505 1272 qujlhujqujxtiliaia, ce cexiujtl, ispan tla
155 1169 1245 1309 hazian fiesta, cada año, con mu
1337 1229 2491 1339 manaia, ispan tlamjctiaia. E. Ocno
154 1286 1246 1462 chos sacrificios, y ofertas. E. la
1334 1320 2504 1436 ce cioatl, qujmoteutiaia itoca tzaputla
1346 1425 2480 1553 tena: itech tlamiloia in vxtl, yoan
161 1431 1259 1553 tercera destas diosas, se llamaua
1353 1504 2496 1644 qujtoaia ca qujnpaleujaia in quaxoco
149 1535 1238 1689 tzaputla tena, dezian que era
1350 1586 2497 1726 ciuj, in tozcamjiaoaciuj, qujntozcavxi
149 1665 1234 1813 la inuentora del vxitl: y que
1342 1688 2492 1820 uja, in chaquachiuj, in quacaoati, in
1325 1786 2492 1903 xutzaianj, intentzaianj, ynjsteteçona
147 1792 1257 1929 ella sanava de muchas enferme
1347 1887 2463 2002 uj, ynjcxitzaianj: yoan in qualocatl,
155 1901 1268 2049 dades. Eran sus deuotos y deuo
1341 1951 2540 2069 intech motlalia, in tlaxcaliciuiztli. Jn vxitl,
1352 2045 2493 2162 yn anoçe vxiatl, vel mjeccan moneq̄,
161 1999 1252 2157 tas los que hazen el vxitl: y las
1338 2120 2496 2250 ynjn iuh qujtotiaque in veuetque, caça
160 2163 1270 2278 que lo venden: y la hazian fiesta
1346 2193 2501 2333 oiztlacatiaque, çan ic teca omocacaiauh
160 2258 1270 2414 cada año, y hazian sacrificios, y
1343 2268 2497 2425 que. Auh yn iquac ilhujqujstililoia,
1343 2368 2497 2493 in vxinamacaque, motlacacoujaia, tla
154 2386 899 2512 ofrendas a su honrra.
1350 2457 2484 2573 camictiaia, qujtzoallotiaia in jxiptla:
1358 2541 2537 2649 oc mjectlamantli ynjc qujmauiztiliaiay,
1350 2605 2498 2756 in iehoatl tzaputla tena. F. Ocno ce
143 2629 1262 2786 F. la quarta diosa, era la diosa
1352 2705 2485 2860 ciuateutl, oqujmoteutitiaque in amo
166 2771 1264 2908 del agua, llamada chalchiuhtli
1364 2797 2499 2942 culhoan, yn jtoca chalchiuhtli ycue: quj
133 2871 1274 3031 ycue: aesta atribuian, todos los
1353 2889 2473 3028 toaia, invam pouj, in veltiuh in tlalo
1357 3005 2464 3133 que: qujlmach teatoctiaia, teatlan
147 3006 1272 3164 peligros del agua, y de la mar, cō
1354 3098 2514 3250 mjctiaia, tepolactiaia; ic cenca tlama
146 3117 1260 3274 mo a autora dellos: y por esto la
1354 3172 2484 3316 uhtiaia ymacaxoia. Qujlhujqujstilia
143 3216 1262 3382 temjan, y reuerentiavan, y hazi
1365 3272 2498 3405 ia yn anamacaque, yoan atlaca: yoā
1357 3371 2491 3488 ixpantlamanaia, yoan tlamictiaia:
154 3370 1248 3519 an sacrificios, y ofrendas en su
1360 3453 2484 3600 mjectlamantli ynjc qujmauiztiliaia,
157 3470 1237 3625 fiesta: dezian que era herma
1350 3542 2491 3663 in çan nen, incan in netlapololtilizpā.
151 3568 1221 3720 na, de los dioses, tlaloques. La
1360 3650 2505 3744 Oc no cequjntin, in cioatlaueliloque, in
147 3696 1283 3846 qujnta destas diosas, se llama tla
1353 3752 2515 3883 qujnteutocatiaque yn amotahoan, yn
