2682 4228
248 100 734 274 del dios
548 257 858 349 tercexo
56 312 1194 489 Capitulo auuerto: de la re
56 435 1235 592 lacion de qujen era quetzal
60 545 1214 694 coatl, otro hercules, oran
56 626 1213 816 nigromantico: donde reyno
60 735 1179 921 y de lo que hizo, quando se
74 871 225 976 fue.
87 961 1209 1130 Quetzalcoatl, fue estimado, y te
138 1066 1219 1213 nido por dios, y lo adorauan de
82 1166 1233 1307 tiempo antiguo en tulla: y tenja
81 1268 1152 1402 vn eu, muy alto con muchas
73 1332 1224 1491 gradas, y muy angostas, que no
84 1444 1241 1585 cabia vn pie: y estaua siempre
83 1533 1222 1679 echada su estatua, y cubierta
96 1631 1201 1763 de mantas: y la cara que te
95 1707 1216 1859 nja, era muy fea, y la cabeca
96 1810 1249 1958 larga, y barbudo. Y los vasallos
111 1908 1242 2064 Que tenja, eran todos officiales
130 2028 1217 2144 de artes mechanjcas, y diestros
135 2091 1221 2237 Para labrar las piedras verdes,
137 2192 1253 2337 que se llaman chalchiujtes: y tā
135 2291 1262 2442 bien para fundir plata, y hazer
123 2370 1275 2539 otras cosas: y estas artes todas ouj
117 2465 1232 2643 cron origen, del dicho quetzalco
115 2594 1214 2740 atl. Jtenja vnas casas, hechas
114 2686 1229 2811 de piedras verdes preciosas, que
105 2784 1243 2906 se llaman chalchiujtes: y otras
123 2885 1250 3006 casas hechas de plata: y mas o
107 2975 1282 3128 tras casas, hechas de concha colora
111 3053 1274 3203 da y blanca: y mas otras casas, he
126 3147 1263 3275 chas todas de tablas: y mas otras
122 3252 1266 3407 çasas, hechas de turquesas: y mas
119 3336 1275 3467 otras casas, hechas de plumasri
122 3426 1265 3600 cas. Jlos vasallos, que tenja, erā
118 3522 1235 3695 muy ligeros, para andar, y lle
125 3630 1253 3782 gar adonde ellos querian yr: y se
138 3695 1277 3871 llamauan tlanquacemjlhujme.
124 3811 1277 3968 ay vna sierra, que se llama, tra
142 3894 1275 4047 tzitepetl, hasta agora assi se nom
2400 80 2638 249 fo. 9.
1580 67 2277 258 que tzalcoatl
1306 251 2507 469 Jnjc eyn Capitulo: itechpa
1309 384 2516 558 tlatoai, mjtoloca in quetzalcoatl
1286 526 2497 690 in vejnaoalli catca: in canjntla
1306 642 2482 829 tocac, yoan intlein qujchiuh
1296 805 1706 963 quac ia.
1329 915 2495 1142 Jniehoatl in quetzalcoatl: iuhquj
1309 1101 2487 1249 ma teutl ipan aujmatia, neteu
1308 1224 2520 1379 tiloia, teumachoia, in quin ieve
1321 1337 2548 1487 cauh, in vmpatullan, aun in vncā
1323 1480 2529 1654 onoça in iteupan cenca vecapa,
1328 1579 2543 1776 cenca quauhtic, ixachiquauhtic
1313 1743 2520 1903 ixachivecapan, cenca miec ini
1324 1840 2534 2052 tlamamatlaio, veltecpichauhtoc,
1338 1981 2514 2130 amo papatlaoac, çanpitzatoton
1331 2132 2524 2281 amo velcecexocpalli, vmpanonoca
1346 2251 2480 2415 quilçantlapachiuhtoca, çanx
1344 2373 2518 2524 tlapachiuhtoca. yoan quilatlacace
1332 2511 2532 2682 melle catca: in ixaiac iuhqujn
1333 2632 2535 2824 totecujnpol, tehtlampol hamotla
1332 2785 2543 2902 tlacaiocoia: auh in itentzoncenca
1354 2904 2526 3080 viac, cenca vitlatztic tentzon
1357 3016 2538 3180 pachtic, auh in tolteca, in jmaceoal
1347 3169 2534 3294 loan, cencamjmatia, atleoviin
1341 3286 2537 3459 quichioaia, in quitequja chalchi
1342 3412 2534 3591 vltl, yoan teueujtlapitzaia, yoan
1351 3540 2534 3721 quichioaia, in oc cequj toltecauitl
1342 3668 2533 3818 m amantecaiotl, cenca vel mima
1356 3785 2545 3962 tia vel itechpeuhtica, vel itechquiz
2547 4055 2635 4137 rso
