2624 4086
921 18 1703 212 Del primero libro.
1366 230 2564 375 D. Cenca miequjntin, ma ceoaltin, icno
53 253 1301 376 D. Multitudo autem homjnum ab
1383 361 2548 492 tlaca, yn oqujttaque in teixiptla, in vel
63 387 1250 556 ducta per speciem operis, eum
1377 412 2540 554 mjmati, in vellanematcachioalli, oquj
1370 521 2567 645 moteutique: omomatque, cateutl, çan
83 521 1252 702 quj ante tempus tanquam ho
1383 622 2576 778 oqujntlapololti in teixiptla injc mjma
69 657 1268 793 mo honoratus fuerat, nune
1380 678 2571 848 ti, ynjc tlanematcachioalli. E. Jhujn
85 765 1267 958 deum estimauerunt. E. Et
1371 800 2570 957 yn omotlapololtique, in tlalticpac tlaca:
1376 884 2566 1037 caipampa in tetlacotlaliztli, anoço ipam
80 898 1301 1100 hec fuit vitae humane deceptio,
1364 986 2564 1152 pa in temaviztililiztli, ocaujlqujstique
1373 1089 2567 1248 in teuiotl: in tlaçotli tocaitl in teutl, in
79 1072 1275 1264 quonjam aut affectui, aut regi
1371 1168 2570 1316 çan vel izeltzin yaxcatzin i axcatzin
82 1220 1274 1405 bus deserujentes homjnes, in com
1376 1275 2563 1411 indios, ynjc oqujntocaiotique in
1394 1384 2339 1541 teixiptla in tetl, in quaujtl.
83 1357 1241 1571 munjcabile nomen lapidibus, et
1380 1527 2576 1669 F. Jn tlateutocanjme, amo çan centla
94 1504 1271 1706 lignis imposuerunt. F. Et non
1398 1610 2579 1725 mantli, in jnnetlapololtiliz: ca cenca
118 1679 1235 1839 suffecerat et rasse eos circadei
1374 1696 2594 1840 mjectlamantli, netlapololtiliztli itech
1374 1783 2599 1971 qujça, itech iuli in tlateutoqujliztli:
104 1827 1299 1984 scientiam, sed et in magno, viue
1370 1886 2556 2036 in iehoantin momati capacticate,
87 1938 1317 2117 tes in scientie bello, tot et tam mag
1370 1992 2555 2157 iece vei iauiutl, ipan nemj. G. Jn
89 2078 1326 2236 na mala pacem appellant. G. Aut
1391 2130 2550 2260 iehoantin in tlateutocanjme, qujn
1380 2222 2570 2358 mjctia, in jnpilhoan, imjxpan yn jnte
80 2230 1298 2410 enjm filios suos sacrificantes
1368 2305 2569 2437 uhoan: auh cenca mjectlamantli, in
87 2358 1310 2529 aut obscura sacrificia facien
1365 2406 2558 2553 tetlaelti, in tequalanj, in ioalticaquj
1374 2532 2541 2662 chioa, yn jmjxpan in teuhoa: in ix
91 2539 1246 2677 tes, aut in sanje plenas vigi
1381 2627 2534 2799 qujch in jntlachioal, yn jn nemiliz,
84 2641 1228 2805 lias habentes neqz vitam
1381 2702 2538 2863 muchi teuhio, tlaçollo: nepanotl
88 2803 1262 2953 neqz nuptias mundas iam
1368 2833 2519 2975 mocuculia, nepanotl momjctia,
112 2923 1261 3099 custodiunt sed alius alium
1362 2961 2556 3082 nepanutl motlaxima: in temjctiliz
1371 3052 2558 3208 tli, yn ichtequjliztli, in tetlaximaliz
99 3042 1281 3230 per inujdiam occidit, aut a
1371 3145 2530 3300 tli, inteca necacaiaoaliztli, inneco
96 3203 1257 3330 dulterans contristat: et om
1358 3261 2531 3396 monjliztli, neisnamiqujliztli, novi
87 3317 1272 3498 nja comixta sunt, sangujs ho
1363 3376 2546 3510 ian actimotecac: auh aiac qujmo
72 3457 1260 3615 mjcidium, furtum et fictio,
1353 3485 2557 3627 cujtlauja in necnelilmatiliztli, inne
1361 3578 2554 3722 pializtli, in chipaoacanemjliztli: in
81 3588 1291 3757 corruptio et infidelitas turba
1346 3682 2546 3816 haujlnemjliztli, in teuhtli, in tla
76 3731 1243 3860 tio, et periurium, tumultus
1358 3773 2576 3927 çolli, vel in nemjliz, intlateutocanj
71 3839 1231 4000 bonorum, dei immemoratio
1363 3895 1491 3976 me.
