2584 3984
2212 77 2470 196 fo. 32
1047 63 1490 240 Apenchiz.
1296 199 2504 360 uhti, yn jntlajhiioujltiloca: ynin chzquiz,
51 244 1197 400 con maiores tormentos, que todos
1302 309 2335 467 yn jmjxaio, ynjn choquiztlatol, y
2332 324 2443 418 izia
58 379 1199 515 los otros peccadores: su lloro, y sus
1294 402 2455 527 ic vel qujcaoazque: ca teutlatolpan
46 459 1198 638 lastimeras palabras, sus lamē
1296 493 1679 658 ycujliuhtoc.
60 608 1216 772 taciones, y dolor, no remediable,
1301 677 1413 882 b
67 752 1203 913 en la sagrada escriptura: esta
1312 837 2440 994 A. Jzcatquj yn inchoquiz, yn imixaio
75 869 1194 1021 escripto. A. Dizen los mala
1318 951 2436 1092 in tlateutocanjme. Erraujmus invia
85 1002 1190 1172 uenturados ydolatras. Errauj
1336 1012 2422 1146 veritatiz. Et . Sapientie. 5. capitulo.
1332 1126 2486 1273 qujtoznequj. Ototlaueliltic ca otitiscuep
75 1138 1217 1309 mus in via veritatis. et . sapien
1338 1210 2471 1361 que, yn oc tlalticpac tinenca: auh in
66 1256 1228 1418 tie. 5 capitulo. herrado auemos
1341 1305 2491 1455 melaoac iec nemiliz vtli, amo tiqujtta
1323 1373 2496 1521 que, in iec nemiliztonatiuh amotech
90 1378 1209 1532 enel camjno de la uerdad, no
1331 1472 2491 1605 tlanextili otechtlaciavilti, otecianmjc
76 1508 1219 1667 nos alumbro: la luz de la ius
1327 1562 2488 1706 ti, in totlatlaçul vuj: auh yn tonetla
79 1636 1222 1783 ticia, no nos nacio el sol dela
1322 1648 2448 1845 pololtilizvuj cenca otechama, cenca
1343 1737 2481 1881 ovican otechaquj, in totlatlaçul: tle
84 1742 1210 1917 inteligencia fatigonos, y canso
1337 1848 2476 2010 otechonqujsti, in nepoaliztli, intla
92 1891 1234 2049 nos el camjno dela maldad, y
1333 1940 2460 2107 tocaiutl, Tleotechonqujsti, in tlaltic
94 2009 1206 2157 dela perdicion, anduujmos,
1334 2043 2486 2237 pac nequjltonoliztli: Jn izqujtlaman
96 2123 1262 2331 por camjnos asperos, y fragosos
1345 2157 2490 2346 tlihi, iuhqujma puctli ceoalli, om
1344 2252 2488 2433 poliuhtiuetzi: iuhqujnma titlantli
97 2301 1224 2452 que nos aprouecho la soberbia:
1328 2370 2473 2564 in cenca totocatiqujça: iuhqujnma
111 2423 1230 2575 y gloria del mundo, que nos a
1351 2472 2468 2678 acalli, in cenca totocatiuh, in juh
91 2566 1272 2717 prouecharon las riquezas vanas:
1334 2607 2495 2795 quj ecatoco, yn amo tleneci incam
111 2668 1237 2841 todas aquellas cosas, como som
1335 2714 2487 2894 paqujça: iuhqujnma tototl, in cē
1341 2821 2497 2979 catotoca injc patlanj, yn atle icxi
99 2816 1257 2982 bra passaron, y como vn mensa
1345 2918 2477 3090 machio qujcauhtiuh: iuh qujnma
112 2956 1276 3114 iero que va de camjno, y con gra
1352 2997 2490 3200 totomjtl, in vel iciuhca onacitiuetzi,
109 3110 1267 3242 priesa: o como vn naujo, que pa
1350 3135 2510 3298 amono neci, in campa oquiz: O caiuh
102 3232 1268 3377 sa con gran furia por la mar, que
1359 3227 2481 3427 quj otopanomuchiuh, in tlalticpac,
115 3341 1222 3508 no dexa señal ninguna del camj
1358 3341 2500 3541 caçan achintoca tlalticpac otonnē
114 3483 1265 3643 no: ocomo vn aue que pasa bola
1339 3503 2503 3651 que, can iciuhca ontzonquiz, into
1345 3581 2500 3758 nemjliz, yn ipampa in totlatlacul,
111 3587 1272 3768 do por el ayre, con gran velocidad,
