2638 4120
187 -2 767 212 de la fiesta
57 160 1139 341 Tuego subian ala muger, que auj
48 302 1169 428 an de matar, que dezian ser ima
54 370 1132 504 gen de la diosa vixtocioatl, alo
49 455 1142 574 alto del cu de tlaloc: y tras ella,
55 537 1159 681 subian alos captiuos, que tam
54 645 1158 790 bien aujan de moril, antes de
33 737 1191 849 lla. Estando todos arriba comē
62 839 1167 973 cauan amatar alos captiuos: los
60 951 1170 1070 quales muertos, matauan tam
55 1033 1186 1160 bien ala muger, ala postre: a
48 1120 1161 1264 la qual echada de espaldas, so
49 1211 1201 1364 bre el taxon: cinco mancebos la
52 1307 1182 1448 tomauan, por los pies, y porlas
48 1415 1188 1570 manos, y por la cabeca: y tenjā
57 1507 1198 1664 la muy tirada: ponjanla sobre
61 1618 1175 1762 la carganta, vn palo rollizo, al
60 1715 1156 1834 qual tenjan dos, apretandole:
57 1808 1183 1970 paraque no pudiesse dar vozes,
70 1913 1177 2052 al tiempo que la abriessen, los
61 2008 1184 2146 pechos. Otros dizen, que este exa
63 2106 1183 2250 vn oceco de espadarte, que es vn
58 2201 1161 2332 pezmarino, que tiene vn ar
64 2291 1153 2429 ma, como espada: enel ocico,
58 2389 1142 2513 que tiene colmjllos, de ambas
67 2502 1159 2640 bartes : con este la apretauan
64 2589 1184 2755 la carganta, segun otros, el que
51 2685 1205 2837 la auja de matar, estaua apun
63 2805 1150 2939 to, en estando, como auja de
49 2889 1160 3045 estar, luego con dos manos la
52 2990 1154 3154 daua, con el pedernal, por los
51 3108 1208 3249 pechos: y enrumpiendo el pecho,
51 3219 1193 3380 luego la sangre salia, con gran
67 3342 1170 3471 impetu: porque la tenjan muy
63 3420 1197 3575 estendida, y el pecho muy tieso.
55 3519 1151 3684 Y luego metia la mano el mjs
48 3638 1161 3792 mo que la degollo, y sacaua
57 3727 1185 3898 el coraçon: y luego le ofrecia
1454 -2 2204 196 ecujlhujtontli.
2335 99 2579 245 fr48.
1264 221 2478 388 muchioa, quetzaltzontecomaio, quā
1264 331 2495 458 molocio. Auh in quauhtli imetzmu
1264 441 2477 567 chioa, no quāmolocio: yn jntla
1272 538 2461 675 viztli cacacaxo, cococoio, yn vncā
1289 642 2453 796 onmana tlauiztli, ic maapana,
1272 744 2449 897 ic moxixillancujtlalpia, ic mote
1267 870 2420 1019 tevilpia, ic mocacatzilpia: auh
1278 979 2443 1117 yn jmecaio, yn jmemecaio, tlaxo
1269 1085 2431 1211 chtli, tlaxochpitzactli. Auh injx
1264 1193 2452 1354 qujch tlacatl maceoalli, in tlatla
1273 1316 2401 1448 tta, muchintin in xoxochiuh,
1273 1411 2401 1566 in cecempoalxochiuh: yoan ce
1276 1530 2382 1710 qujntin ymiiztauhiaxochiuh.
1273 1639 2468 1780 Auh in ie iuhquj mec qujtlecauja
1272 1749 2426 1886 in vixtocioatl, yn icpac tlaloc: y
1274 1845 2429 2019 oan qujntlecauja in mamalti,
1276 1945 2429 2098 iniuhqujma ypepechoan; in q̄n
1268 2042 2455 2182 mopechitiaz, in qujnmoujcaltiz,
1268 2148 2436 2311 yn imiquizteujcalhoan, yn iaca
1272 2230 2455 2391 tiazque miquizque. Auh yn oq̄n
1267 2341 2416 2493 tlecaujque tlalocan, mec temic
1260 2434 2421 2579 tilo inmamalti: auh yn onmjc
1267 2540 2426 2719 que mamalti, ca ontlatoqujlia
1272 2650 2441 2799 in vixtocioatl, ca ontlatzacuja,
1263 2762 2429 2921 ça ontlatzacutiuh, ca ontetzacu
1277 2862 2441 3024 tiuh, ca tlatzinpachotiuh. Auh
1269 2973 2410 3120 yn ie iuhquj, njman ie ic conte
1263 3079 2467 3212 ca intechcac, conaquetztiteca, ca
1267 3180 2450 3332 anjlia, qujtitilinjlia, ynjma, y
1262 3291 2410 3443 njcxi, cenca uel quelcueloa,
1261 3387 2426 3546 qujcujtlachicueloa: auh yn i
1279 3528 2449 3645 tzonteco, ynjc qujtilinjliaia, cē
1257 3631 2456 3754 ca tlaltitech qujujcaia: auh y
1260 3719 2467 3844 nic qujquechpachoa, acipaquj
1266 3803 2433 3953 tli itlaujtequja, chichiqujltic, tzi
