2658 4126
302 59 780 251 del dios
54 270 1186 431 de cacao, de diuersas colores, que se
43 386 1160 535 llaman xochicacaoatl. Jlos dichos
44 481 1196 662 vasallos, del dicho quetzal coatl, esta
54 604 1171 750 uan muy ricos, y noles faltaua
48 691 1163 848 cosa njnguna: nj auja hambre
55 796 1160 939 nj falta de mahiz: nj comjan
49 921 1208 1057 las maçorcas de mahiz pequenas,
69 1019 1177 1178 sino conellas calentauan, los ba
54 1122 1199 1242 nos, como con leña. Jten dizen,
59 1210 1207 1371 que el dicho quetzalcoatl, hazia
56 1322 1168 1480 penjtencia, puncando sus pier
68 1440 1215 1602 nas, y sacando la sangre, conque
78 1562 1193 1722 manchaua, y en sangrentaua
69 1670 1226 1813 las puntas de maguey: y se laua
84 1778 1176 1947 ua, ala media noche, en vna
93 1901 1198 2064 guente, que se llama xipacoya.
105 1997 1214 2163 Sesta costumbre, y orden, toma
122 2095 1163 2246 ron los sacerdotes, y mjnjstros
110 2222 1210 2366 de los ydolos mexicanos, como el
89 2326 1198 2497 dicho quetzalcoatl, lo vsaua: y
98 2422 1210 2559 hazia enel dicho pueblo, de tulla.
142 2918 224 3023 cto
1395 36 2091 230 quetzalcoatl.
2336 98 2584 242 fo. 10.
1280 212 2459 378 oauhcoiatl, vel quitlecaviaia, vel
1271 347 2418 500 tlecaviloia. Auh yoa no vmpa
1275 454 2445 627 muchioaia in tlapapal ichcatl, in
1281 580 2473 713 chichiltic, in coztic, in tlasztaleoal
1276 703 2443 839 tic, incamo paltic, xoxoctic, ma
1293 826 2467 986 tlaltic, quilpaltic, vitztecoltic, ca
1280 944 2453 1108 in iltic movitic, xochipaltic, coio
1295 1068 2471 1259 iehcatl yn hin in itzquitlamātli,
1286 1216 2466 1409 çan njman, iuhqujçaia amoqui
1288 1298 2502 1515 paia. Auh ixqujch nienca intla
1300 1446 2465 1634 cotototl, yxiuhtototl, in quetzalto
1304 1591 2448 1776 toll, içaqua, intlauhquecha,
1321 1736 2487 1924 yoan in ie ixqujeh nepapan to
1304 1883 2504 2044 totl in cenca vel tiatoa , in veltepac
1303 2022 2498 2173 iccujca: auh yoan in ixquich in
1298 2104 2522 2285 chalchivitl, in teucujtlatl, amotla
1319 2252 2481 2417 cotli catia, cenca iniec in mo
1324 2417 2531 2575 piaia, auh yoan no muchioaia
1320 2529 2496 2678 in cacaoatl, in xochicacaoatl, vel
1329 2658 2548 2801 mieecan, icaca in cacaoatl catca.
1323 2790 2545 2976 Auh in iehoantin in tolteca, cēca
1331 2897 2521 3064 mocujltonovaia, motlacamatia
1327 3046 2533 3203 aic motolinjaia, atle monectoca
1331 3173 2509 3341 in jnchan aic maianaia: auh in
1314 3302 2530 3480 molquitl, amointechmonequja,
1323 3432 2549 3611 canjctematzcallatiaia, auhyoa
1331 3565 2508 3744 in iehoatl in quetzalcoatl notla
1331 3705 2503 3902 maceoaia qujçoaia, imtlanitz
