<?xml version="1.0" encoding="UTF-8" standalone="yes"?>
<PcGts xmlns="http://schema.primaresearch.org/PAGE/gts/pagecontent/2013-07-15" xmlns:xsi="http://www.w3.org/2001/XMLSchema-instance" xsi:schemaLocation="http://schema.primaresearch.org/PAGE/gts/pagecontent/2013-07-15 http://schema.primaresearch.org/PAGE/gts/pagecontent/2013-07-15/pagecontent.xsd">
    <Metadata>
        <Creator>prov=University of Rostock/Institute of Mathematics/CITlab|PLANET AI GmbH/Gundram Leifert/gundram.leifert@planet-ai.de:name=Florentine Codex(htr_id=24784)::::v=2.6.6
prov=University of Rostock/Institute of Mathematics/CITlab|PLANET AI GmbH/Tobias Gruening/tobias.gruening@planet-ai.de:name=de.uros.citlab.module.baseline2polygon.B2PSeamMultiOriented:v=2.6.6
prov=University of Rostock/Institute of Mathematics/CITlab|PLANET AI GmbH/Tobias Gruening/tobias.gruening@planet-ai.de:name=/net_tf/LA73_249_0mod360.pb:de.uros.citlab.segmentation.CITlab_LA_ML:v=2.6.6
Transkribus</Creator>
        <Created>2020-06-23T15:23:39.814-07:00</Created>
        <LastChange>2020-06-24T07:01:26.584+02:00</LastChange>
    </Metadata>
    <Page imageFilename="FC_Vol_1_271.png" imageWidth="2568" imageHeight="4058">
        <ReadingOrder>
            <OrderedGroup id="ro_1596736947700" caption="Regions reading order">
                <RegionRefIndexed index="0" regionRef="r1"/>
                <RegionRefIndexed index="1" regionRef="r2"/>
            </OrderedGroup>
        </ReadingOrder>
        <TextRegion orientation="0.0" id="r1" custom="readingOrder {index:0;}">
            <Coords points="83,111 83,3858 1182,3858 1182,111"/>
            <TextLine id="r1l1" custom="readingOrder {index:0;}">
                <Coords points="240,187 391,222 569,200 805,214 820,34 771,20 702,60 608,56 577,79 436,19 411,38 382,25 282,95 241,94"/>
                <Baseline points="248,162 276,161 304,161 332,161 360,161 389,161 417,161 445,162 473,162 501,163 530,164 558,165 586,165 614,165 642,165 671,165 699,164 727,164 755,162 783,159 812,156"/>
                <TextEquiv>
                    <Unicode>de la fiesta</Unicode>
                </TextEquiv>
            </TextLine>
            <TextLine id="r1l2" custom="readingOrder {index:1;}">
                <Coords points="85,339 374,404 679,340 817,342 886,389 1105,370 1104,250 571,308 424,265 362,297 84,264"/>
                <Baseline points="93,333 143,338 193,341 243,344 293,345 344,347 394,348 444,348 494,347 544,347 595,345 645,344 695,343 745,341 795,339 846,338 896,338 946,336 996,335 1046,335 1097,335"/>
                <TextEquiv>
                    <Unicode>debledos. La ymagen del mon,</Unicode>
                </TextEquiv>
            </TextLine>
            <TextLine id="r1l3" custom="readingOrder {index:2;}">
                <Coords points="102,480 296,501 418,445 708,459 773,425 842,464 1079,422 1077,364 1045,356 840,391 682,340 566,396 498,358 446,399 208,415 99,371"/>
                <Baseline points="108,431 156,436 204,440 252,441 300,443 348,444 396,443 445,443 493,441 541,440 589,437 637,435 685,432 733,430 782,428 830,424 878,422 926,420 974,419 1022,417 1071,416"/>
                <TextEquiv>
                    <Unicode>te, ponjanle delante, junto,</Unicode>
                </TextEquiv>
            </TextLine>
            <TextLine id="r1l4" custom="readingOrder {index:3;}">
                <Coords points="101,544 393,568 690,524 801,572 855,532 982,559 1088,523 1085,451 997,465 938,433 811,485 509,439 282,503 98,480"/>
                <Baseline points="108,531 156,534 205,536 253,536 302,536 350,536 399,535 447,534 496,533 544,531 593,528 642,527 690,524 739,521 787,519 836,516 884,514 933,512 981,510 1030,508 1079,506"/>
                <TextEquiv>
                    <Unicode>vnas masas rollicas, y larguj</Unicode>
                </TextEquiv>
            </TextLine>
            <TextLine id="r1l5" custom="readingOrder {index:4;}">
                <Coords points="75,636 325,632 416,672 473,636 704,616 1017,635 1109,591 1106,533 972,559 846,533 806,565 722,533 606,565 72,558"/>
                <Baseline points="83,629 133,629 184,629 235,629 286,627 337,626 388,624 439,623 490,621 541,618 592,617 642,614 693,612 744,609 795,607 846,605 897,602 948,600 999,597 1050,596 1101,593"/>
                <TextEquiv>
                    <Unicode>llas de massa de bledos, a ma</Unicode>
                </TextEquiv>
            </TextLine>
            <TextLine id="r1l6" custom="readingOrder {index:5;}">
                <Coords points="83,736 891,740 964,698 1103,693 1100,634 944,618 890,650 828,627 662,667 577,641 307,677 186,649 80,683"/>
                <Baseline points="90,723 140,725 190,725 240,725 291,725 341,723 391,722 441,720 492,719 542,716 592,714 642,712 693,708 743,705 793,702 843,698 894,695 944,692 994,688 1044,685 1095,681"/>
                <TextEquiv>
                    <Unicode>nera de vesos: y estos llama</Unicode>
                </TextEquiv>
            </TextLine>
            <TextLine id="r1l7" custom="readingOrder {index:6;}">
                <Coords points="95,843 450,861 580,811 692,850 840,791 1114,768 1111,721 1052,705 929,746 689,728 572,791 485,745 286,778 90,747"/>
                <Baseline points="101,816 151,819 201,822 251,824 302,824 352,823 402,822 452,820 503,817 553,815 603,811 653,807 704,803 754,799 804,795 854,791 905,787 955,783 1005,780 1055,777 1106,776"/>
                <TextEquiv>
                    <Unicode>uan, y omjio. Hazian estas</Unicode>
                </TextEquiv>
            </TextLine>
            <TextLine id="r1l8" custom="readingOrder {index:7;}">
                <Coords points="86,950 235,983 304,938 408,961 527,912 612,936 653,903 1112,869 1109,823 1026,836 919,787 831,843 731,852 579,812 399,876 81,861"/>
                <Baseline points="92,917 142,918 193,921 243,921 294,920 345,920 395,917 446,914 496,911 547,908 598,904 648,900 699,896 749,892 800,887 851,884 901,879 952,876 1002,874 1053,872 1104,870"/>
                <TextEquiv>
                    <Unicode>ymagines, a honrra de los mo</Unicode>
                </TextEquiv>
            </TextLine>
            <TextLine id="r1l9" custom="readingOrder {index:8;}">
                <Coords points="98,1035 217,1055 294,1021 357,1044 686,1002 740,1042 794,999 1114,969 1110,893 1047,885 865,942 794,920 701,951 629,918 582,958 492,926 417,982 307,941 224,992 95,970"/>
                <Baseline points="104,1013 154,1017 204,1019 254,1019 304,1019 354,1017 404,1016 455,1013 505,1009 555,1005 605,1002 655,998 705,993 755,989 806,986 856,981 906,978 956,976 1006,974 1056,974 1107,974"/>
                <TextEquiv>
                    <Unicode>tes altos, donde se junta las</Unicode>
                </TextEquiv>
            </TextLine>
            <TextLine id="r1l10" custom="readingOrder {index:9;}">
                <Coords points="89,1126 293,1172 379,1118 1075,1091 1092,985 883,985 719,1049 86,1065"/>
                <Baseline points="96,1113 145,1115 195,1115 244,1113 294,1112 344,1110 393,1107 443,1104 493,1101 542,1098 592,1094 642,1091 691,1086 741,1083 791,1080 840,1078 890,1076 940,1074 989,1074 1039,1074 1089,1076"/>
                <TextEquiv>
                    <Unicode>nubes: y en memoria de los</Unicode>
                </TextEquiv>
            </TextLine>
            <TextLine id="r1l11" custom="readingOrder {index:10;}">
                <Coords points="93,1249 254,1212 333,1254 375,1217 599,1188 922,1183 982,1219 1148,1177 1144,1106 1032,1082 924,1131 464,1113 277,1184 89,1173"/>
                <Baseline points="99,1211 151,1210 203,1209 255,1206 307,1204 359,1202 411,1199 463,1195 515,1191 567,1188 619,1185 671,1181 723,1179 775,1176 827,1173 879,1170 931,1169 983,1167 1035,1167 1087,1167 1140,1167"/>
                <TextEquiv>
                    <Unicode>que aujan muerto en agua</Unicode>
                </TextEquiv>
            </TextLine>
            <TextLine id="r1l12" custom="readingOrder {index:11;}">
                <Coords points="96,1333 371,1337 521,1296 589,1334 670,1292 761,1334 925,1281 1127,1301 1123,1225 1036,1189 984,1219 935,1188 814,1206 757,1244 403,1209 306,1267 191,1220 92,1257"/>
                <Baseline points="102,1317 152,1316 203,1314 254,1311 305,1309 356,1305 406,1302 457,1298 508,1295 559,1291 610,1287 660,1284 711,1281 762,1278 813,1277 864,1275 914,1275 965,1275 1016,1276 1067,1278 1118,1281"/>
                <TextEquiv>
                    <Unicode>o heridos de rayo, y de los q</Unicode>
                </TextEquiv>
            </TextLine>
            <TextLine id="r1l13" custom="readingOrder {index:12;}">
                <Coords points="101,1417 297,1454 336,1414 541,1424 670,1387 782,1415 929,1371 1119,1409 1114,1314 908,1312 775,1351 97,1333"/>
                <Baseline points="108,1407 158,1407 208,1407 258,1405 308,1404 358,1401 408,1400 458,1397 508,1394 558,1391 608,1388 658,1386 708,1382 758,1379 808,1376 858,1373 908,1371 958,1369 1008,1368 1058,1365 1109,1364"/>
                <TextEquiv>
                    <Unicode>no se quemauan, sus cuer</Unicode>
                </TextEquiv>
            </TextLine>
            <TextLine id="r1l14" custom="readingOrder {index:13;}">
                <Coords points="92,1533 320,1539 361,1510 451,1545 575,1490 1143,1469 1150,1404 878,1404 796,1437 684,1400 299,1470 87,1450"/>
                <Baseline points="98,1505 150,1506 202,1506 255,1505 307,1504 359,1502 412,1499 464,1496 516,1493 569,1489 621,1485 673,1481 726,1476 778,1473 830,1470 883,1466 935,1463 987,1461 1040,1460 1092,1458 1145,1458"/>
                <TextEquiv>
                    <Unicode>pos, sino que los enterrauā.</Unicode>
                </TextEquiv>
            </TextLine>
            <TextLine id="r1l15" custom="readingOrder {index:14;}">
                <Coords points="95,1620 429,1643 492,1593 1107,1562 1103,1501 1015,1466 932,1525 685,1496 625,1536 547,1515 324,1563 252,1521 91,1533"/>
                <Baseline points="102,1598 151,1598 201,1598 251,1596 301,1595 351,1592 400,1590 450,1588 500,1584 550,1581 600,1577 649,1574 699,1571 749,1568 799,1565 849,1562 898,1560 948,1559 998,1559 1048,1559 1098,1559"/>
                <TextEquiv>
                    <Unicode>hestos montes hazian los so</Unicode>
                </TextEquiv>
            </TextLine>
            <TextLine id="r1l16" custom="readingOrder {index:15;}">
                <Coords points="95,1695 1098,1678 1120,1570 965,1599 856,1567 699,1645 611,1591 515,1639 216,1661 92,1619"/>
                <Baseline points="102,1688 152,1688 203,1688 254,1686 304,1686 355,1684 406,1680 456,1679 507,1676 558,1673 609,1669 659,1667 710,1663 761,1661 811,1659 862,1657 913,1656 963,1656 1014,1656 1065,1658 1116,1661"/>
                <TextEquiv>
                    <Unicode>bre vnos rodeos, o roscas, he</Unicode>
                </TextEquiv>
            </TextLine>
            <TextLine id="r1l17" custom="readingOrder {index:16;}">
                <Coords points="100,1794 1028,1771 1093,1763 1091,1691 823,1667 561,1716 163,1697 98,1736"/>
                <Baseline points="108,1775 156,1776 205,1776 254,1776 303,1776 352,1775 401,1772 449,1770 498,1768 547,1765 596,1761 645,1760 694,1757 743,1754 791,1752 840,1751 889,1751 938,1749 987,1751 1036,1752 1085,1754"/>
                <TextEquiv>
                    <Unicode>chos de heno, atados con so</Unicode>
                </TextEquiv>
            </TextLine>
            <TextLine id="r1l18" custom="readingOrder {index:17;}">
                <Coords points="106,1867 746,1913 865,1871 1135,1861 1134,1771 685,1814 602,1788 398,1829 299,1791 104,1802"/>
                <Baseline points="114,1866 164,1868 215,1869 266,1869 316,1869 367,1869 418,1868 468,1866 519,1865 570,1862 621,1860 671,1857 722,1854 773,1853 823,1850 874,1848 925,1845 975,1844 1026,1843 1077,1842 1128,1842"/>
                <TextEquiv>
                    <Unicode>gas de çacate, y guardauā</Unicode>
                </TextEquiv>
            </TextLine>
            <TextLine id="r1l19" custom="readingOrder {index:18;}">
                <Coords points="111,1995 314,2008 436,1970 639,2005 719,1959 1134,1941 1154,1863 1047,1909 984,1879 747,1913 567,1879 495,1917 300,1896 259,1925 170,1889 109,1928"/>
                <Baseline points="117,1962 168,1964 220,1964 271,1964 323,1964 375,1962 426,1961 478,1958 529,1956 581,1955 633,1952 684,1949 736,1947 787,1944 839,1943 891,1940 942,1940 994,1938 1045,1937 1097,1937 1149,1938"/>
                <TextEquiv>
                    <Unicode>los de vn año, para otro la</Unicode>
                </TextEquiv>
            </TextLine>
            <TextLine id="r1l20" custom="readingOrder {index:19;}">
                <Coords points="115,2102 322,2059 508,2065 555,2101 679,2057 1080,2063 1151,2033 1149,1989 968,1997 925,1959 864,1998 759,1965 698,2002 435,1970 362,2014 111,1995"/>
                <Baseline points="120,2058 171,2058 222,2058 273,2058 324,2058 375,2057 426,2055 478,2054 529,2052 580,2051 631,2049 682,2046 733,2045 784,2042 836,2039 887,2037 938,2034 989,2033 1040,2030 1091,2028 1143,2025"/>
                <TextEquiv>
                    <Unicode>vigilia desta fiesta, lleuaua</Unicode>
                </TextEquiv>
            </TextLine>
            <TextLine id="r1l21" custom="readingOrder {index:20;}">
                <Coords points="121,2199 296,2160 816,2173 871,2131 906,2159 1094,2141 1110,2066 957,2050 886,2107 842,2076 721,2104 526,2082 432,2130 209,2089 117,2106"/>
                <Baseline points="126,2157 174,2159 223,2159 272,2158 321,2157 370,2156 419,2154 468,2153 517,2151 566,2148 615,2146 663,2144 712,2141 761,2139 810,2136 859,2135 908,2132 957,2130 1006,2129 1055,2127 1104,2126"/>
                <TextEquiv>
                    <Unicode>alauar, estas roscas, al rio</Unicode>
                </TextEquiv>
            </TextLine>
            <TextLine id="r1l22" custom="readingOrder {index:21;}">
                <Coords points="100,2248 272,2304 371,2259 538,2253 603,2289 940,2229 1097,2246 1129,2239 1126,2143 960,2136 786,2196 664,2154 447,2205 99,2212"/>
                <Baseline points="108,2250 158,2252 209,2252 259,2252 310,2252 361,2251 411,2250 462,2248 513,2246 563,2244 614,2241 665,2239 715,2236 766,2234 817,2231 867,2229 918,2227 969,2226 1019,2225 1070,2225 1121,2225"/>
                <TextEquiv>
                    <Unicode>oala fuente: y quando los</Unicode>
                </TextEquiv>
            </TextLine>
            <TextLine id="r1l23" custom="readingOrder {index:22;}">
                <Coords points="118,2349 251,2390 376,2353 470,2397 629,2342 925,2360 1005,2322 1143,2353 1139,2240 869,2282 796,2245 726,2290 558,2269 346,2316 116,2266"/>
                <Baseline points="126,2343 176,2345 226,2346 277,2346 327,2346 378,2345 428,2342 478,2341 529,2339 579,2337 630,2334 680,2331 730,2329 781,2327 831,2325 882,2324 932,2322 982,2321 1033,2321 1083,2322 1134,2324"/>
                <TextEquiv>
                    <Unicode>lleuauan, yuan los tañedo,</Unicode>
                </TextEquiv>
            </TextLine>
            <TextLine id="r1l24" custom="readingOrder {index:23;}">
                <Coords points="113,2453 431,2492 584,2488 768,2423 979,2452 1132,2425 1130,2347 866,2339 797,2380 730,2348 637,2386 540,2364 443,2410 111,2375"/>
                <Baseline points="120,2435 170,2439 220,2440 270,2441 321,2442 371,2441 421,2439 471,2438 522,2435 572,2433 622,2430 672,2428 723,2425 773,2423 823,2421 873,2419 924,2418 974,2418 1024,2418 1074,2420 1125,2423"/>
                <TextEquiv>
                    <Unicode>con vnos pitos, hechos de ba</Unicode>
                </TextEquiv>
            </TextLine>
            <TextLine id="r1l25" custom="readingOrder {index:24;}">
                <Coords points="130,2535 462,2566 691,2520 897,2547 1125,2528 1124,2470 1079,2465 376,2476 227,2512 129,2477"/>
                <Baseline points="137,2528 186,2532 235,2535 284,2537 333,2538 382,2538 431,2537 480,2535 529,2532 578,2530 627,2528 676,2525 725,2522 774,2519 823,2517 872,2516 921,2516 970,2516 1019,2516 1068,2519 1118,2523"/>
                <TextEquiv>
                    <Unicode>ro cozido, o con vnos caraco</Unicode>
                </TextEquiv>
            </TextLine>
            <TextLine id="r1l26" custom="readingOrder {index:25;}">
                <Coords points="125,2626 297,2669 574,2621 1163,2625 1159,2519 751,2575 555,2539 293,2602 122,2556"/>
                <Baseline points="132,2619 183,2624 234,2627 285,2628 336,2630 387,2630 438,2628 490,2626 541,2623 592,2621 643,2617 694,2613 745,2611 796,2607 848,2605 899,2603 950,2601 1001,2600 1052,2601 1103,2602 1155,2604"/>
                <TextEquiv>
                    <Unicode>les mariscos: lauauanlos en</Unicode>
                </TextEquiv>
            </TextLine>
            <TextLine id="r1l27" custom="readingOrder {index:26;}">
                <Coords points="124,2707 356,2741 1029,2704 1167,2729 1165,2653 947,2624 675,2666 485,2640 360,2677 123,2637"/>
                <Baseline points="132,2705 183,2709 234,2714 285,2715 337,2717 388,2718 439,2717 491,2717 542,2715 593,2713 645,2711 696,2709 747,2706 798,2704 850,2702 901,2700 952,2700 1004,2700 1055,2700 1106,2702 1158,2703"/>
                <TextEquiv>
                    <Unicode>vnas casas, o oratorios, que</Unicode>
                </TextEquiv>
            </TextLine>
            <TextLine id="r1l28" custom="readingOrder {index:27;}">
                <Coords points="107,2819 996,2843 1166,2795 1165,2728 819,2719 692,2765 577,2725 270,2773 181,2724 106,2755"/>
                <Baseline points="114,2798 166,2802 218,2804 270,2806 322,2807 375,2808 427,2808 479,2807 531,2807 583,2805 636,2804 688,2802 740,2800 792,2799 844,2798 897,2796 949,2795 1001,2795 1053,2795 1105,2795 1158,2795"/>
                <TextEquiv>
                    <Unicode>estauan hechos, ala orilla del</Unicode>
                </TextEquiv>
            </TextLine>
            <TextLine id="r1l29" custom="readingOrder {index:28;}">
                <Coords points="107,2964 186,2933 321,2960 402,2911 568,2932 1151,2886 1150,2841 1076,2815 920,2854 642,2829 325,2887 228,2848 105,2863"/>
                <Baseline points="114,2895 165,2900 216,2903 268,2906 319,2907 371,2907 422,2907 474,2906 525,2905 577,2904 628,2901 679,2900 731,2897 782,2894 834,2892 885,2890 937,2888 988,2886 1040,2885 1091,2885 1143,2885"/>
                <TextEquiv>
                    <Unicode>agua, que e llama aiauhca</Unicode>
                </TextEquiv>
            </TextLine>
            <TextLine id="r1l30" custom="readingOrder {index:29;}">
                <Coords points="98,3008 311,3030 1131,2974 1129,2910 1057,2892 937,2940 708,2901 440,2966 173,2939 98,2973"/>
                <Baseline points="105,2996 158,2999 212,3000 265,3002 319,3003 373,3003 426,3002 480,3002 534,3000 587,2998 641,2996 694,2994 748,2991 802,2990 855,2987 909,2985 963,2983 1016,2981 1070,2979 1124,2978"/>
                <TextEquiv>
                    <Unicode>lli: lauauanlos con vnas ho</Unicode>
                </TextEquiv>
            </TextLine>
            <TextLine id="r1l31" custom="readingOrder {index:30;}">
                <Coords points="95,3115 393,3134 832,3088 910,3134 1025,3077 1146,3084 1144,3024 466,3004 385,3035 223,3020 93,3067"/>
                <Baseline points="102,3098 153,3099 205,3101 257,3101 309,3101 360,3101 412,3100 464,3099 516,3097 567,3096 619,3093 671,3092 723,3090 774,3087 826,3084 878,3081 930,3078 981,3075 1033,3073 1085,3070 1137,3068"/>
                <TextEquiv>
                    <Unicode>jas de cañas verdos, algunos</Unicode>
                </TextEquiv>
            </TextLine>
            <TextLine id="r1l32" custom="readingOrder {index:31;}">
                <Coords points="107,3201 237,3210 299,3256 369,3202 507,3246 863,3192 940,3219 1154,3200 1152,3115 1089,3098 929,3146 823,3114 688,3151 105,3113"/>
                <Baseline points="114,3191 165,3194 217,3195 268,3197 320,3197 371,3198 423,3198 474,3197 526,3197 577,3195 629,3194 681,3192 732,3191 784,3189 835,3186 887,3184 938,3181 990,3178 1041,3175 1093,3173 1145,3170"/>
                <TextEquiv>
                    <Unicode>enel agua, que passaua junto,</Unicode>
                </TextEquiv>
            </TextLine>
            <TextLine id="r1l33" custom="readingOrder {index:32;}">
                <Coords points="107,3302 518,3336 567,3297 815,3277 1030,3321 1144,3273 1143,3214 937,3218 888,3258 597,3214 280,3259 105,3232"/>
                <Baseline points="114,3291 165,3293 216,3293 267,3294 318,3294 369,3293 420,3293 472,3291 523,3290 574,3288 625,3287 676,3285 727,3283 778,3281 830,3279 881,3276 932,3275 983,3272 1034,3270 1085,3267 1137,3266"/>
                <TextEquiv>
                    <Unicode>asu casa los lauauan. En aça</Unicode>
                </TextEquiv>
            </TextLine>
            <TextLine id="r1l34" custom="readingOrder {index:33;}">
                <Coords points="101,3398 272,3435 483,3377 690,3371 929,3409 1159,3357 1158,3304 1111,3278 977,3329 852,3295 791,3349 572,3300 520,3336 98,3308"/>
                <Baseline points="108,3377 160,3380 212,3381 264,3383 316,3383 368,3383 420,3383 473,3382 525,3381 577,3380 629,3378 681,3375 733,3374 785,3371 838,3369 890,3366 942,3363 994,3362 1046,3359 1098,3358 1151,3356"/>
                <TextEquiv>
                    <Unicode>bando los de lauar, bolujanlos</Unicode>
                </TextEquiv>
            </TextLine>
            <TextLine id="r1l35" custom="readingOrder {index:34;}">
                <Coords points="113,3478 224,3519 404,3483 722,3512 771,3470 1190,3459 1188,3401 1106,3360 877,3428 677,3434 604,3392 536,3444 405,3459 111,3410"/>
                <Baseline points="120,3471 173,3476 226,3479 279,3482 332,3482 385,3483 438,3482 491,3481 544,3479 597,3477 651,3474 704,3471 757,3469 810,3465 863,3462 916,3460 969,3457 1022,3456 1075,3455 1128,3453 1182,3453"/>
                <TextEquiv>
                    <Unicode>asu casa, conla mjsma musica:</Unicode>
                </TextEquiv>
            </TextLine>
            <TextLine id="r1l36" custom="readingOrder {index:35;}">
                <Coords points="95,3590 229,3631 279,3594 385,3623 472,3577 1010,3561 1086,3597 1174,3550 1173,3486 969,3467 741,3521 499,3486 400,3535 92,3493"/>
                <Baseline points="102,3563 155,3569 208,3574 261,3576 315,3579 368,3579 421,3579 474,3578 528,3576 581,3574 634,3572 687,3569 741,3566 794,3562 847,3559 900,3556 954,3554 1007,3552 1060,3552 1113,3552 1167,3552"/>
                <TextEquiv>
                    <Unicode>luego hazian sobre ellos, las y</Unicode>
                </TextEquiv>
            </TextLine>
            <TextLine id="r1l37" custom="readingOrder {index:36;}">
                <Coords points="112,3668 227,3722 292,3676 463,3703 589,3665 1166,3680 1165,3605 1131,3602 918,3638 813,3584 764,3621 575,3585 348,3636 112,3613"/>
                <Baseline points="120,3656 171,3661 223,3664 275,3667 327,3668 379,3669 431,3669 483,3669 535,3668 587,3666 639,3665 690,3663 742,3662 794,3660 846,3659 898,3658 950,3657 1002,3657 1054,3657 1106,3659 1158,3660"/>
                <TextEquiv>
                    <Unicode>magines de los montes, como es</Unicode>
                </TextEquiv>
            </TextLine>
            <TextLine id="r1l38" custom="readingOrder {index:37;}">
                <Coords points="100,3744 528,3789 581,3754 629,3786 1008,3745 1153,3780 1133,3687 907,3706 851,3674 764,3706 590,3664 474,3722 272,3682 228,3723 141,3666 99,3681"/>
                <Baseline points="107,3737 158,3743 210,3747 262,3752 314,3753 366,3756 418,3756 470,3756 522,3756 574,3755 626,3754 677,3752 729,3751 781,3749 833,3747 885,3746 937,3746 989,3746 1041,3746 1093,3747 1145,3749"/>
                <TextEquiv>
                    <Unicode>ta dicho. Algunos hazian es</Unicode>
                </TextEquiv>
            </TextLine>
            <TextLine id="r1l39" custom="readingOrder {index:38;}">
                <Coords points="97,3888 318,3875 399,3915 462,3878 612,3912 882,3877 1142,3917 1143,3778 1009,3797 912,3758 733,3802 581,3752 529,3788 278,3796 98,3764"/>
                <Baseline points="105,3809 156,3817 208,3824 259,3830 311,3833 362,3836 414,3839 465,3840 517,3840 568,3840 620,3839 672,3838 723,3837 775,3836 826,3834 878,3833 929,3831 981,3830 1032,3830 1084,3830 1136,3831"/>
                <TextEquiv>
                    <Unicode>tas y magines, de noche antes</Unicode>
                </TextEquiv>
            </TextLine>
            <TextEquiv>
                <Unicode>de la fiesta
debledos. La ymagen del mon,
te, ponjanle delante, junto,
vnas masas rollicas, y larguj
llas de massa de bledos, a ma
nera de vesos: y estos llama
uan, y omjio. Hazian estas
ymagines, a honrra de los mo
tes altos, donde se junta las
nubes: y en memoria de los
que aujan muerto en agua
o heridos de rayo, y de los q
no se quemauan, sus cuer
pos, sino que los enterrauā.
hestos montes hazian los so
bre vnos rodeos, o roscas, he
chos de heno, atados con so
gas de çacate, y guardauā
los de vn año, para otro la
vigilia desta fiesta, lleuaua
alauar, estas roscas, al rio
oala fuente: y quando los
lleuauan, yuan los tañedo,
con vnos pitos, hechos de ba
ro cozido, o con vnos caraco
les mariscos: lauauanlos en
vnas casas, o oratorios, que
estauan hechos, ala orilla del
agua, que e llama aiauhca
lli: lauauanlos con vnas ho
jas de cañas verdos, algunos
enel agua, que passaua junto,
asu casa los lauauan. En aça
bando los de lauar, bolujanlos
asu casa, conla mjsma musica:
luego hazian sobre ellos, las y
magines de los montes, como es
ta dicho. Algunos hazian es
tas y magines, de noche antes</Unicode>
            </TextEquiv>
        </TextRegion>
        <TextRegion orientation="0.0" id="r2" custom="readingOrder {index:1;}">
            <Coords points="1191,118 1191,3880 2508,3880 2508,118"/>
            <TextLine id="r2l1" custom="readingOrder {index:0;}">
                <Coords points="1447,209 1517,199 1622,251 1685,214 1856,211 1903,234 2153,191 2154,35 1904,76 1823,58 1698,100 1589,39 1449,61"/>
                <Baseline points="1455,174 1489,176 1524,179 1558,180 1593,180 1627,182 1662,182 1696,183 1731,183 1765,183 1800,183 1834,183 1869,183 1903,183 1938,183 1972,183 2007,183 2041,183 2076,183 2110,185 2145,185"/>
                <TextEquiv>
                    <Unicode>Tepeilhvjttl.</Unicode>
                </TextEquiv>
            </TextLine>
            <TextLine id="r2l2" custom="readingOrder {index:1;}">
                <Coords points="2238,251 2345,237 2397,248 2423,227 2515,222 2519,120 2406,129 2335,79 2244,106"/>
                <Baseline points="2247,209 2273,207 2299,207 2325,207 2351,209 2377,212 2403,212 2429,215 2455,215 2481,215 2508,213"/>
                <TextEquiv>
                    <Unicode>fo. 226.</Unicode>
                </TextEquiv>
            </TextLine>
            <TextLine id="r2l3" custom="readingOrder {index:2;}">
                <Coords points="1183,369 2096,350 2326,395 2388,373 2387,268 1993,249 1835,304 1365,262 1182,301"/>
                <Baseline points="1191,357 1250,357 1310,356 1369,356 1429,354 1488,354 1548,353 1607,353 1667,353 1726,351 1786,351 1845,351 1905,350 1964,350 2024,350 2083,348 2143,348 2202,348 2262,347 2321,345 2381,345"/>
                <TextEquiv>
                    <Unicode>oauhtli, anoço: cocotl: auh noquj</Unicode>
                </TextEquiv>
            </TextLine>
            <TextLine id="r2l4" custom="readingOrder {index:3;}">
                <Coords points="1190,544 1427,482 1836,543 2146,482 2235,518 2368,458 2367,392 2197,370 1671,442 1508,381 1187,377"/>
                <Baseline points="1197,482 1255,482 1313,482 1371,481 1429,480 1487,480 1545,479 1604,479 1662,477 1720,477 1778,476 1836,474 1894,473 1952,472 2011,470 2069,469 2127,467 2185,465 2243,464 2301,462 2360,461"/>
                <TextEquiv>
                    <Unicode>tepotlaliaia, m açaça atlan mjc</Unicode>
                </TextEquiv>
            </TextLine>
            <TextLine id="r2l5" custom="readingOrder {index:4;}">
                <Coords points="1189,627 1777,598 1854,630 2017,580 2191,622 2374,559 2372,486 1834,544 1658,537 1579,488 1443,534 1363,492 1188,545"/>
                <Baseline points="1197,593 1255,591 1313,591 1372,590 1430,589 1489,588 1547,588 1606,587 1664,586 1723,585 1781,584 1839,584 1898,582 1956,580 2015,578 2073,576 2132,575 2190,572 2249,569 2307,566 2366,563"/>
                <TextEquiv>
                    <Unicode>mjlaqujlo, manoçe viteco: yoā</Unicode>
                </TextEquiv>
            </TextLine>
            <TextLine id="r2l6" custom="readingOrder {index:5;}">
                <Coords points="1192,717 1339,750 1629,701 1824,765 2004,679 2350,691 2348,607 2081,644 1997,596 1811,654 1586,613 1421,663 1190,626"/>
                <Baseline points="1199,707 1256,707 1313,705 1370,704 1427,704 1484,702 1541,702 1599,702 1656,702 1713,701 1770,701 1827,699 1884,699 1941,698 1999,695 2056,693 2113,690 2170,687 2227,683 2284,678 2342,672"/>
                <TextEquiv>
                    <Unicode>maqujn omomjqujli i amo</Unicode>
                </TextEquiv>
            </TextLine>
            <TextLine id="r2l7" custom="readingOrder {index:6;}">
                <Coords points="1193,837 1718,879 1980,814 2258,829 2425,794 2423,714 2245,700 2087,776 1950,728 1912,764 1580,769 1435,726 1191,758"/>
                <Baseline points="1200,824 1260,822 1321,821 1382,819 1443,819 1504,818 1565,818 1625,816 1686,816 1747,815 1808,815 1869,813 1930,812 1991,810 2051,809 2112,805 2173,803 2234,798 2295,795 2356,789 2417,785"/>
                <TextEquiv>
                    <Unicode>tlatilo, in çan qujtoca, no tepetl</Unicode>
                </TextEquiv>
            </TextLine>
            <TextLine id="r2l8" custom="readingOrder {index:7;}">
                <Coords points="1209,980 1357,950 1418,995 1554,995 1614,955 2037,972 2180,920 2374,932 2392,821 2186,875 1206,886"/>
                <Baseline points="1215,944 1273,944 1332,944 1390,944 1449,942 1508,942 1566,941 1625,939 1683,938 1742,936 1801,935 1859,932 1918,930 1976,927 2035,926 2094,923 2152,920 2211,917 2269,913 2328,909 2387,906"/>
                <TextEquiv>
                    <Unicode>ipan qujqujxtiaia, çan moch</Unicode>
                </TextEquiv>
            </TextLine>
            <TextLine id="r2l9" custom="readingOrder {index:8;}">
                <Coords points="1202,1090 1420,1062 1541,1113 1728,1053 2079,1040 2310,1075 2372,1066 2365,926 2121,982 1955,948 1197,1004"/>
                <Baseline points="1209,1076 1266,1073 1324,1071 1382,1068 1439,1066 1497,1062 1555,1061 1612,1058 1670,1054 1728,1051 1786,1047 1843,1046 1901,1043 1959,1040 2016,1037 2074,1034 2132,1031 2189,1029 2247,1028 2305,1026 2363,1025"/>
                <TextEquiv>
                    <Unicode>tzoalli in qujnchichioaia: dust</Unicode>
                </TextEquiv>
            </TextLine>
            <TextLine id="r2l10" custom="readingOrder {index:9;}">
                <Coords points="1207,1202 1379,1251 1648,1177 2286,1158 2351,1143 2348,1085 2206,1060 2099,1096 2023,1060 1701,1113 1589,1083 1502,1140 1203,1142"/>
                <Baseline points="1214,1193 1270,1193 1326,1191 1383,1190 1439,1188 1496,1185 1552,1182 1609,1178 1665,1174 1722,1171 1778,1167 1834,1163 1891,1159 1947,1154 2004,1151 2060,1146 2117,1143 2173,1141 2230,1139 2286,1138 2343,1137"/>
                <TextEquiv>
                    <Unicode>moqujuh muztla ilhujtl teu</Unicode>
                </TextEquiv>
            </TextLine>
            <TextLine id="r2l11" custom="readingOrder {index:10;}">
                <Coords points="1210,1314 1353,1342 1452,1302 1713,1322 2215,1244 2366,1260 2361,1189 2209,1165 2008,1230 1867,1176 1730,1246 1306,1225 1207,1256"/>
                <Baseline points="1217,1301 1274,1302 1331,1301 1388,1301 1445,1299 1502,1297 1559,1295 1616,1291 1673,1289 1730,1284 1787,1281 1844,1276 1901,1272 1958,1267 2015,1263 2072,1257 2129,1254 2186,1249 2243,1244 2300,1239 2357,1235"/>
                <TextEquiv>
                    <Unicode>tlacpa in teaaltilo, anoço tei</Unicode>
                </TextEquiv>
            </TextLine>
            <TextLine id="r2l12" custom="readingOrder {index:11;}">
                <Coords points="1208,1417 1346,1452 1465,1395 1779,1427 2166,1372 2236,1413 2423,1357 2420,1307 2283,1316 2172,1254 2039,1333 1464,1314 1206,1370"/>
                <Baseline points="1215,1410 1275,1410 1335,1409 1395,1409 1455,1407 1515,1404 1575,1401 1635,1400 1695,1397 1755,1392 1815,1389 1875,1386 1935,1382 1995,1379 2055,1374 2115,1371 2175,1367 2235,1365 2295,1361 2355,1359 2415,1356"/>
                <TextEquiv>
                    <Unicode>xamjlo: mjc qujmonaltia qujn</Unicode>
                </TextEquiv>
            </TextLine>
            <TextLine id="r2l13" custom="readingOrder {index:12;}">
                <Coords points="1225,1587 1665,1529 1742,1483 1920,1546 2155,1494 2359,1503 2357,1379 2180,1446 1504,1429 1407,1487 1218,1424"/>
                <Baseline points="1230,1524 1286,1523 1342,1523 1398,1521 1454,1520 1511,1519 1567,1518 1623,1516 1679,1514 1735,1512 1792,1511 1848,1508 1904,1505 1960,1502 2016,1499 2073,1496 2129,1493 2185,1488 2241,1484 2297,1479 2354,1475"/>
                <TextEquiv>
                    <Unicode>tlapichilitivi, in qujnpictili</Unicode>
                </TextEquiv>
            </TextLine>
            <TextLine id="r2l14" custom="readingOrder {index:13;}">
                <Coords points="1216,1656 1352,1686 1721,1646 1818,1684 2054,1672 2142,1618 2252,1656 2389,1609 2386,1525 2201,1569 2128,1531 2072,1586 1724,1541 1670,1589 1214,1601"/>
                <Baseline points="1224,1646 1281,1647 1339,1646 1397,1646 1455,1646 1513,1644 1571,1644 1628,1643 1686,1641 1744,1639 1802,1637 1860,1635 1918,1632 1976,1629 2033,1626 2091,1623 2149,1620 2207,1616 2265,1612 2323,1608 2381,1602"/>
                <TextEquiv>
                    <Unicode>tivi, cocovilotl, ypan teccizto</Unicode>
                </TextEquiv>
            </TextLine>
            <TextLine id="r2l15" custom="readingOrder {index:14;}">
                <Coords points="1209,1780 1659,1761 1740,1817 1938,1750 2386,1752 2384,1688 2193,1646 2066,1691 1749,1705 1641,1659 1207,1715"/>
                <Baseline points="1215,1761 1273,1763 1331,1763 1389,1763 1447,1763 1505,1761 1563,1760 1622,1758 1680,1757 1738,1754 1796,1752 1854,1749 1912,1746 1970,1745 2029,1743 2087,1742 2145,1740 2203,1739 2261,1739 2319,1740 2378,1742"/>
                <TextEquiv>
                    <Unicode>tonti. Auh in qujmonaltiaia,</Unicode>
                </TextEquiv>
            </TextLine>
            <TextLine id="r2l16" custom="readingOrder {index:15;}">
                <Coords points="1217,1894 1303,1924 1507,1868 2320,1872 2403,1853 2401,1766 2321,1808 2203,1781 2035,1815 1946,1765 1795,1774 1723,1823 1640,1782 1526,1844 1215,1812"/>
                <Baseline points="1223,1868 1281,1868 1340,1869 1398,1869 1457,1868 1516,1867 1574,1866 1633,1865 1692,1863 1750,1861 1809,1859 1868,1857 1926,1856 1985,1854 2044,1853 2102,1851 2161,1851 2220,1850 2278,1850 2337,1851 2396,1853"/>
                <TextEquiv>
                    <Unicode>vmpan aiauhçalco; acatzontli</Unicode>
                </TextEquiv>
            </TextLine>
            <TextLine id="r2l17" custom="readingOrder {index:16;}">
                <Coords points="1213,2001 1977,2022 2171,1963 2299,2000 2422,1965 2420,1906 2054,1882 1774,1936 1722,1901 1585,1940 1512,1902 1210,1925"/>
                <Baseline points="1220,1986 1279,1989 1339,1992 1399,1992 1458,1992 1518,1991 1578,1988 1637,1985 1697,1980 1757,1977 1817,1973 1876,1968 1936,1964 1996,1961 2055,1958 2115,1954 2175,1952 2234,1950 2294,1950 2354,1950 2414,1953"/>
                <TextEquiv>
                    <Unicode>iehoatl in celtic ic qujmjxamja:</Unicode>
                </TextEquiv>
            </TextLine>
            <TextLine id="r2l18" custom="readingOrder {index:17;}">
                <Coords points="1222,2122 1446,2105 1599,2155 1638,2112 1834,2079 2148,2105 2374,2061 2371,1998 2250,1989 2034,2038 1767,2020 1492,2060 1368,2011 1220,2070"/>
                <Baseline points="1229,2102 1285,2103 1342,2105 1399,2105 1456,2104 1513,2103 1570,2101 1626,2099 1683,2096 1740,2093 1797,2090 1854,2085 1911,2082 1968,2079 2024,2075 2081,2070 2138,2067 2195,2064 2252,2061 2309,2058 2366,2055"/>
                <TextEquiv>
                    <Unicode>auh in cequjntin can matenco</Unicode>
                </TextEquiv>
            </TextLine>
            <TextLine id="r2l19" custom="readingOrder {index:18;}">
                <Coords points="1240,2273 1351,2231 2380,2179 2377,2117 2097,2100 2034,2132 1713,2116 1551,2171 1235,2169"/>
                <Baseline points="1245,2217 1301,2216 1357,2215 1414,2213 1470,2212 1526,2210 1583,2208 1639,2206 1695,2204 1752,2201 1808,2199 1864,2196 1921,2193 1977,2190 2033,2187 2090,2183 2146,2180 2202,2176 2259,2172 2315,2169 2372,2165"/>
                <TextEquiv>
                    <Unicode>mqujmonaltia, ftiuh inonte</Unicode>
                </TextEquiv>
            </TextLine>
            <TextLine id="r2l20" custom="readingOrder {index:19;}">
                <Coords points="1229,2353 1794,2358 1905,2309 2067,2335 2389,2291 2385,2210 2301,2236 2215,2193 2135,2242 1878,2227 1848,2260 1527,2283 1461,2237 1410,2268 1347,2238 1226,2285"/>
                <Baseline points="1236,2328 1293,2328 1350,2327 1407,2326 1465,2324 1522,2322 1579,2320 1636,2318 1694,2315 1751,2312 1808,2309 1865,2307 1923,2303 1980,2300 2037,2298 2094,2295 2152,2292 2209,2291 2266,2289 2323,2288 2381,2286"/>
                <TextEquiv>
                    <Unicode>altiloc, mec oaltecuepalo, cā</Unicode>
                </TextEquiv>
            </TextLine>
            <TextLine id="r2l21" custom="readingOrder {index:20;}">
                <Coords points="1215,2459 1454,2493 1648,2445 1731,2483 2013,2429 2150,2460 2212,2416 2360,2446 2339,2327 2109,2372 2032,2331 1438,2398 1213,2372"/>
                <Baseline points="1223,2445 1279,2445 1335,2445 1392,2444 1448,2442 1505,2441 1561,2439 1618,2436 1674,2434 1731,2432 1787,2429 1843,2426 1900,2424 1956,2423 2013,2421 2069,2420 2126,2418 2182,2418 2239,2418 2295,2420 2352,2421"/>
                <TextEquiv>
                    <Unicode>noivi, qujntlapichilitivitze, i</Unicode>
                </TextEquiv>
            </TextLine>
            <TextLine id="r2l22" custom="readingOrder {index:21;}">
                <Coords points="1214,2623 1409,2619 1514,2560 1665,2597 2024,2540 2119,2582 2396,2571 2392,2453 2277,2488 1644,2469 1539,2523 1377,2464 1211,2517"/>
                <Baseline points="1220,2570 1278,2568 1336,2566 1395,2564 1453,2562 1511,2560 1570,2559 1628,2556 1686,2555 1745,2553 1803,2552 1861,2550 1920,2549 1978,2547 2036,2545 2095,2543 2153,2540 2211,2538 2270,2536 2328,2534 2387,2531"/>
                <TextEquiv>
                    <Unicode>uhqujn tlacaoacativitzz njmā</Unicode>
                </TextEquiv>
            </TextLine>
            <TextLine id="r2l23" custom="readingOrder {index:22;}">
                <Coords points="1234,2704 1887,2732 1969,2681 2370,2667 2395,2570 2291,2599 2095,2572 2006,2609 1843,2567 1666,2634 1542,2594 1231,2631"/>
                <Baseline points="1241,2690 1298,2690 1355,2688 1413,2688 1470,2687 1528,2687 1585,2685 1643,2684 1700,2684 1758,2681 1815,2679 1872,2678 1930,2675 1987,2673 2045,2670 2102,2667 2160,2664 2217,2661 2275,2656 2332,2652 2390,2648"/>
                <TextEquiv>
                    <Unicode>ie ic tetlacaatililo, tectichioalo</Unicode>
                </TextEquiv>
            </TextLine>
            <TextLine id="r2l24" custom="readingOrder {index:23;}">
                <Coords points="1232,2851 1481,2854 1560,2808 2164,2819 2398,2766 2395,2689 2253,2678 2200,2727 2060,2741 1981,2697 1774,2744 1227,2729"/>
                <Baseline points="1238,2807 1295,2805 1353,2804 1410,2804 1468,2802 1526,2801 1583,2801 1641,2799 1698,2798 1756,2795 1814,2793 1871,2791 1929,2788 1986,2785 2044,2782 2102,2778 2159,2774 2217,2770 2274,2765 2332,2760 2390,2753"/>
                <TextEquiv>
                    <Unicode>qujmpepechoa: auh in cequjnti</Unicode>
                </TextEquiv>
            </TextLine>
            <TextLine id="r2l25" custom="readingOrder {index:24;}">
                <Coords points="1235,2956 1556,2971 1735,2926 1807,2956 1858,2918 2238,2919 2388,2865 2385,2812 2283,2786 2179,2842 1650,2838 1500,2893 1230,2862"/>
                <Baseline points="1241,2924 1298,2925 1355,2927 1412,2927 1469,2925 1526,2924 1583,2922 1640,2920 1697,2917 1754,2913 1811,2910 1868,2906 1925,2903 1982,2898 2039,2893 2096,2889 2153,2885 2210,2882 2267,2878 2324,2875 2381,2871"/>
                <TextEquiv>
                    <Unicode>ocvecaioan, in qujnpepechoa</Unicode>
                </TextEquiv>
            </TextLine>
            <TextLine id="r2l26" custom="readingOrder {index:25;}">
                <Coords points="1224,3058 1396,3095 2186,3055 2398,3010 2395,2912 2026,2958 1855,2918 1749,2986 1666,2951 1388,3001 1221,2973"/>
                <Baseline points="1232,3039 1289,3041 1347,3041 1405,3041 1463,3041 1521,3041 1579,3039 1637,3038 1695,3037 1753,3035 1811,3033 1868,3031 1926,3029 1984,3026 2042,3023 2100,3019 2158,3015 2216,3011 2274,3007 2332,3003 2390,2999"/>
                <TextEquiv>
                    <Unicode>mjcqujntlacatilia, qujmjxol</Unicode>
                </TextEquiv>
            </TextLine>
            <TextLine id="r2l27" custom="readingOrder {index:26;}">
                <Coords points="1221,3171 1377,3165 1424,3206 1646,3158 1720,3199 1860,3155 2334,3187 2413,3156 2410,3057 2205,3087 2070,3055 1995,3097 1836,3059 1736,3113 1218,3085"/>
                <Baseline points="1229,3155 1287,3156 1346,3158 1405,3159 1464,3159 1523,3159 1581,3159 1640,3156 1699,3155 1758,3153 1817,3150 1875,3148 1934,3145 1993,3142 2052,3139 2111,3135 2169,3131 2228,3128 2287,3125 2346,3122 2405,3119"/>
                <TextEquiv>
                    <Unicode>huja, yoan mjchioauhtli i quj</Unicode>
                </TextEquiv>
            </TextLine>
            <TextLine id="r2l28" custom="readingOrder {index:27;}">
                <Coords points="1248,3330 1361,3301 1475,3331 1648,3276 1898,3316 2027,3257 2397,3271 2393,3189 2323,3178 1881,3216 1534,3182 1244,3231"/>
                <Baseline points="1253,3269 1309,3273 1366,3276 1423,3278 1479,3279 1536,3279 1593,3278 1649,3276 1706,3275 1763,3273 1820,3269 1876,3267 1933,3262 1990,3259 2046,3255 2103,3251 2160,3246 2216,3242 2273,3238 2330,3235 2387,3231"/>
                <TextEquiv>
                    <Unicode>mo tlalilia in camapan, qujmo</Unicode>
                </TextEquiv>
            </TextLine>
            <TextLine id="r2l29" custom="readingOrder {index:28;}">
                <Coords points="1241,3431 1329,3396 1968,3439 2076,3381 2251,3406 2405,3372 2443,3277 2316,3318 2158,3291 1999,3326 1957,3291 1881,3349 1237,3337"/>
                <Baseline points="1247,3395 1306,3396 1366,3398 1425,3399 1485,3401 1544,3401 1604,3401 1663,3399 1723,3398 1782,3396 1842,3395 1902,3392 1961,3389 2021,3386 2080,3382 2140,3378 2199,3373 2259,3369 2318,3364 2378,3359 2438,3353"/>
                <TextEquiv>
                    <Unicode>quentia in tetavitl, ydan qujmō</Unicode>
                </TextEquiv>
            </TextLine>
            <TextLine id="r2l30" custom="readingOrder {index:29;}">
                <Coords points="1241,3578 1413,3508 1496,3541 1833,3516 1904,3570 2115,3513 2406,3533 2472,3493 2470,3402 2301,3454 2205,3407 2149,3445 1882,3422 1592,3472 1415,3404 1238,3433"/>
                <Baseline points="1247,3515 1307,3515 1368,3515 1429,3515 1490,3514 1551,3513 1612,3513 1673,3513 1734,3513 1795,3512 1856,3512 1916,3510 1977,3509 2038,3507 2099,3505 2160,3501 2221,3498 2282,3494 2343,3490 2404,3484 2465,3477"/>
                <TextEquiv>
                    <Unicode>aquja imamacal, yraztatzon. Auh</Unicode>
                </TextEquiv>
            </TextLine>
            <TextLine id="r2l31" custom="readingOrder {index:30;}">
                <Coords points="1242,3657 1454,3647 1623,3690 1937,3632 2359,3636 2412,3621 2411,3532 1957,3561 1874,3604 1533,3592 1453,3547 1242,3599"/>
                <Baseline points="1250,3632 1307,3630 1365,3629 1423,3627 1481,3627 1538,3627 1596,3627 1654,3629 1712,3629 1769,3630 1827,3630 1885,3630 1943,3630 2000,3630 2058,3629 2116,3629 2174,3626 2231,3623 2289,3619 2347,3615 2405,3609"/>
                <TextEquiv>
                    <Unicode>matlan mjquja, caniaoalcom</Unicode>
                </TextEquiv>
            </TextLine>
            <TextLine id="r2l32" custom="readingOrder {index:31;}">
                <Coords points="1249,3788 1348,3744 2370,3783 2404,3763 2404,3648 2231,3643 2023,3703 1659,3699 1500,3657 1249,3677"/>
                <Baseline points="1256,3741 1313,3740 1370,3740 1427,3740 1484,3741 1541,3741 1598,3743 1655,3743 1712,3744 1769,3746 1826,3746 1883,3746 1940,3747 1997,3747 2054,3746 2111,3744 2168,3743 2225,3741 2282,3737 2339,3733 2396,3728"/>
                <TextEquiv>
                    <Unicode>qujn tlaliaia, mjmjxiptla azē</Unicode>
                </TextEquiv>
            </TextLine>
            <TextLine id="r2l33" custom="readingOrder {index:32;}">
                <Coords points="1242,3888 1715,3856 2403,3896 2413,3786 2175,3796 2134,3760 2027,3807 1820,3750 1706,3797 1383,3753 1243,3792"/>
                <Baseline points="1250,3849 1307,3848 1365,3846 1423,3845 1481,3845 1538,3845 1596,3846 1654,3848 1712,3849 1769,3851 1827,3852 1885,3853 1943,3854 2000,3855 2058,3855 2116,3855 2174,3854 2231,3851 2289,3849 2347,3845 2405,3839"/>
                <TextEquiv>
                    <Unicode>alli in qujn chichioaia: Autin</Unicode>
                </TextEquiv>
            </TextLine>
            <TextEquiv>
                <Unicode>Tepeilhvjttl.
fo. 226.
oauhtli, anoço: cocotl: auh noquj
tepotlaliaia, m açaça atlan mjc
mjlaqujlo, manoçe viteco: yoā
maqujn omomjqujli i amo
tlatilo, in çan qujtoca, no tepetl
ipan qujqujxtiaia, çan moch
tzoalli in qujnchichioaia: dust
moqujuh muztla ilhujtl teu
tlacpa in teaaltilo, anoço tei
xamjlo: mjc qujmonaltia qujn
tlapichilitivi, in qujnpictili
tivi, cocovilotl, ypan teccizto
tonti. Auh in qujmonaltiaia,
vmpan aiauhçalco; acatzontli
iehoatl in celtic ic qujmjxamja:
auh in cequjntin can matenco
mqujmonaltia, ftiuh inonte
altiloc, mec oaltecuepalo, cā
noivi, qujntlapichilitivitze, i
uhqujn tlacaoacativitzz njmā
ie ic tetlacaatililo, tectichioalo
qujmpepechoa: auh in cequjnti
ocvecaioan, in qujnpepechoa
mjcqujntlacatilia, qujmjxol
huja, yoan mjchioauhtli i quj
mo tlalilia in camapan, qujmo
quentia in tetavitl, ydan qujmō
aquja imamacal, yraztatzon. Auh
matlan mjquja, caniaoalcom
qujn tlaliaia, mjmjxiptla azē
alli in qujn chichioaia: Autin</Unicode>
            </TextEquiv>
        </TextRegion>
    </Page>
</PcGts>
