2514 4126
451 -2 936 204 Libro.
55 200 1111 336 voco, a poco. Vnas platicas, estan
34 315 1142 422 muy bien cumplidas, y iuntadas, y
36 418 1138 544 puestas hasta el cabo: assi como si
35 530 1174 654 fuesse la pared, quando se labrā
43 624 1141 752 bien: dentro de la pared, y dentre
48 732 1154 869 de las piedras grandes, que sepo
58 841 1175 971 nen afuera, se le meten con mu
69 922 1196 1057 chadiligencia, padrerillas chicas
64 1036 1223 1160 y menudas, conpiedras mas peque
49 1132 1247 1266 nas, y con barro bastante: assi esta
55 1211 1186 1358 laplatica. Y otras platicas estana
58 1357 1206 1493 breujadas, y taradas, o cortadas: co
69 1439 1069 1582 mo parece, en lo suso dicho.
137 1689 1208 1920 Capitulo quacenta, de
68 1870 1232 2061 las restantes casas deste signo:
71 2009 1183 2208 yde la tabla, y numeros de
91 2150 767 2350 todos los signos.
89 2674 1212 2861 El presente: con este signo,
90 2801 1242 2967 llamado ce tochtli: se acabala
103 2932 1208 3070 obra, con las demas casas deste
110 3028 1230 3229 signo, que se siguen: porque ya
120 3195 1203 3338 no ay que dezir mas: y deste
110 3289 1226 3440 signo postrero, y vltimo, para
122 3389 1220 3558 concluyr esto : sino poca cosa
118 3465 1266 3676 que resta, que dezir. Y si algo
133 3610 1265 3782 despues se ofreciere, y saliere a
112 3713 1220 3888 luz: que agora se asconde, y
1444 -11 1557 208 qi
1236 194 2391 359 totz, cocotonqui, cocotontica, co
1251 337 2378 445 cotocatica, cocoiontica iixi
1256 430 2393 583 puehauhtica, o ixipuchauh
1254 542 2399 700 toc, amocentlachixtoc, xixiqlli,
1268 627 2395 789 piltic, xixiquipiliuhtoe, coco
1275 755 2389 905 motztic, cocomotzauhtoe, ynjc
1270 872 2384 1013 cecencalpan ooallotlatocac
1271 986 2413 1118 inemuchi tonalli omoteneuh,
1292 1091 2386 1235 ympan otlatlatoloc, otlatla
1271 1225 1601 1361 tolloac.
1294 1310 2406 1536 Jnjc vmpoalli capitulo:
1308 1491 2393 1678 ytechpa tlatoa yn oc cequi
1283 1607 2379 1781 ic xexeliuhtoc tonalpoalli
1298 1738 2407 1927 yn vcmocaoa yn itechpovi
1281 1846 2412 2030 in tonalli, no itechpa tlatoa
1316 1971 2422 2177 yn tabla, yoan impoalo
1297 2109 2436 2324 ca imizquitetl tonalli, yoa
1286 2236 2431 2414 in mnatlaquilhujtl vmey ini
1291 2348 2230 2538 techpouia in tonalli.
1273 2506 2434 2745 uh in axcan in ieic ollaml
1330 2737 2406 2911 yn ieic ontzonquica in ça yio
1308 2837 2414 2999 tonalpeuhcaiotl in can omote
1319 2966 2426 3152 ueuh yiehoatl, cetochtli, yoa
1312 3079 2432 3288 in izquiteme ytlavilaoan, in
1326 3217 2422 3384 quitoquilia, ca aoctle neci in
1324 3311 2409 3487 velictzopitz, vel ic tlamiz, vel
1330 3470 2423 3637 ic ieçavitz, ypampa in mjloa
1318 3583 2432 3750 ça ontitiquiltzopi, ic ommo
1330 3672 2433 3874 chichicni yn oc quetzquica:
