2666 4186
736 50 1183 246 Libro.
154 224 1383 394 llamaua coyolxauhquj: y la dicha
164 363 1345 457 coatl ycue, hazia penjtencia, ba
162 436 1348 559 rriendo cada dia, en la sierra de
146 526 1337 629 coatepec. Y vn dia acontecio le,
133 610 1315 774 que andando barriendo, descen
132 725 1348 866 diole vna pelotilla de pluma, co
138 814 1345 956 mo oujllo de hilado, y tomola y
141 918 1326 1040 pusola en el seno iunto ala barri
138 1007 1314 1146 ga, de baxo de las naguas: y des
138 1106 1331 1248 pues de auer barrido, qujso to
135 1209 1336 1336 mar y nola hallo, de que dizen,
135 1288 1333 1428 se empreño. Y como la vieron los
133 1395 1307 1523 dichos yndios centzonujtznaoa ala
124 1486 1345 1619 madre, que ga era preñada, se eno
129 1580 1337 1707 iaron brauamente : diziendo. Qujen
134 1665 1308 1807 la enpreño: porque nos infamo,
117 1783 1341 1912 auergonco: y la hermana que se
130 1862 1337 2000 llamaua coyolxauh deziales. Her
130 1962 1332 2084 manos matemos, anuestra madre,
119 2061 1295 2169 porque nos infamo aujendose a
123 2131 1295 2271 hurto empreñado. Y despues de a
124 2231 1301 2361 ude sabido, la dicha coatlycue, pe
114 2334 1274 2451 sole mucho: y atemorizose: y su
115 2429 1338 2558 criatura hablauale, y consolauala
94 2531 1292 2652 diziendo. No tengays mjedo, porq̄
97 2599 1301 2736 yose lo que tengo de hazer: y des
83 2689 1309 2841 puas de auer oydo, estas palabras
95 2785 1293 2943 la dicha coatl ycue, quietose su
100 2864 1288 3016 coraçon, y qujtosele la pesadum
76 2983 1282 3110 bre que tenja. Y como los dichos
80 3085 1305 3219 yn dios cen tzonditznaoa, aujan he
84 3147 1318 3280 cho y aca bado el consejo, de matar
82 3267 1276 3403 ala madre, por aquella infamja,
82 3356 1277 3505 y deshonrra, que les auja hecho:
99 3482 1260 3602 estauan enojados mucho, junta
72 3565 1296 3702 mente, con la hermana, que se de
79 3638 1268 3789 zia coyolxauhquj: la qual les im
78 3759 1261 3869 por tunaua, que matassen a su
75 3833 1267 3976 madre coatlycue. Y los dichos yn
1598 85 1702 226 z
1460 255 2620 438 Jnjc tlamaceoaia, in coatepec, da
1437 398 2593 559 ceppa in iquac tlachpanaia, in
1444 506 2606 697 Coatl ieue ipan oaltemoc ihujtl,
1437 643 2595 812 iuhqujnihujtololotli, njman con
1432 758 2617 919 cujtiuetz in Coatl icue: ixillancuin
1436 874 2598 1040 tlali: auh in ontlachpan njmanco
1430 944 2619 1155 cuizquja yn ivitl, in ixillan oqujla
1417 1113 2618 1294 lica aoctle qujttac, njman ic otzia
1420 1242 2605 1447 in coatl icue: auh in oqujttaque in
1421 1389 2591 1555 centzonvitznaoa injnnan ie otztli,
1420 1531 2600 1713 cenca qualanque qujtoque acoqz
1408 1648 2591 1839 chiviliy, aqujnocotzti. techavilqx
1400 1783 2588 1970 tia, techpinauhtia: auh injnvel
1399 1911 2562 2091 tiuh in coiolxauh: quimjlvi no
1400 2053 2591 2217 qujchtioan techovilqujxtia can
1396 2196 2585 2341 ticmjctia intonan, in tlaueliloc in
1390 2318 2552 2500 otztli: ca coqujchivili in iticca
1395 2435 2552 2626 auh in oqujma Coatl icue: cenca
1393 2568 2570 2749 momauhti, cenca motequjpada
1397 2698 2549 2882 auh in jconeuh mjtic catca quj
1388 2825 2544 3023 llaliaia, quioalnotzaia quilhuz,
1390 2978 2553 3123 aia, macaximomauhti ienenj
1384 3089 2560 3276 mati, in oqujcac in Coatl icue,
1383 3215 2544 3381 in itlatol in jconeuh, cenca ic mo
1371 3326 2549 3560 iollali, motlali yn jiollo, iuhqui
1370 3466 2553 3648 njuhicantlama, auh inie iuhq,
1366 3621 2538 3802 in centzonoitznaoa in oqujcetla
1362 3726 2543 3917 lique in jntlatol, in oqujcemjtoc,
1363 3860 2593 4015 icaqujmictizque injnnan, icollia
