2694 4220
703 68 1147 285 ibro:
69 298 1213 449 que entendian en esto: y yuān
63 408 1232 547 todos baylando, adonde yuan a re
62 502 1234 612 bar: y yua los gujando, vno que lle
57 596 1245 739 uaua la ymagen de Quetralcoatl:
41 683 1265 833 y otro que lleuaua vn braço, dasde
62 808 1238 962 el codo, hasta la mano de alguna
69 913 1229 1060 muger: que qujesse muerto, del
62 1003 1249 1170 primer parto: las cortauan a hur
90 1122 1259 1245 to, el braço yzqujerdo. Y estos ladro
80 1235 1287 1357 nes: lleuauan vn braço destos, dalan
73 1334 1259 1467 te deli: para hazer su hecho, vno del
65 1427 1293 1576 los que yua gujando: le lleuaua enel
78 1531 1288 1675 hombro. Y en llegando ala casa, gon
80 1633 1279 1783 de aujan de robar: anteque entrassē
104 1747 1301 1898 dentro de la casa, estando en el patio
95 1856 1299 2007 de la mjsma casa: dauan dos golpes
89 1979 1265 2117 enel suelo, con el braço de la mu
101 2072 1276 2218 erta: y en llegando ala puerta de
92 2182 1267 2333 la casa: dauan otros golpes enel
87 2292 1260 2433 lumbrar, de la mjsma casa con
110 2381 1283 2523 el mesmo braço. Y hecho esto, di
117 2506 1302 2636 zen: que todos los de casa, se ador
119 2620 1277 2735 mecian, o se amortezian: que na
96 2708 1288 2853 die podia hablar, nj mouer se: esta
120 2805 1304 2942 uan todas como muertos, aunque
122 2904 1281 3051 entendian, y biujan loque se ha
118 2992 1302 3160 zia: otros, estauan dormjdogoronca
112 3091 1262 3254 dos. Y los ladrones, encendian
108 3197 1268 3370 çandela: y buscauan por la casa
122 3342 1304 3476 loque auja que comer: y comjan
138 3419 1282 3580 todos muy dereposo, nadie de
110 3523 1296 3688 los de casa les impedia, nj habla
129 3620 1315 3767 ua: todos estauan atonjtos, y fue
133 3737 1279 3884 ra desi. En aujendo muy biencō
128 3834 1280 3970 mjdo, y consolando se: en trauan
147 3930 1292 4054 en los cillexos, y bodegas, y arre
1594 67 1784 276 A
1327 272 2504 410 Ihoono tlaqujxtizque, qujchiehoaia
1344 383 2540 516 mjxiptla ce hecatl, qujmacantiuja
1323 482 2542 632 miacac, imjxpan icatiuja, ioan qujc
1330 577 2537 775 qujtiuj, mjmacpal mocioaquetzquj.
1327 698 2560 863 mjte ic iauhi, in quel mjxiuj: iquac qui
1327 779 2571 969 cujliaia in qujn onmjquj, canoqujch
1306 924 2516 1071 teccacuja, ioalliça i qujtequjnaca;
1329 1016 2511 1202 zooalli, itic, auh mjc qujtocaia amo
1326 1101 2599 1311 tetan, çan vmpaconcaoaia in vthca,
1341 1276 2502 1404 vncom muel vmaxac contoca, quj
1344 1365 2546 1520 necaliltitiuj, ipan necahioatiuh, cojo
1353 1471 2543 1657 vitiuj mjcqujujca: auh mjc qujoal
1343 1569 2534 1765 qujxtia ichan, amo ixcopa mjcatl,
1346 1673 2544 1875 çan qujcujtlacoionja incalli, vmpa
1352 1844 2525 1962 qujqujxtia mjc concaoa vmaxac:
1352 1891 2543 2075 auh i ieoantin i temamacpalito
1350 2040 2567 2198 tique, in jquac cana tepolozque, ich
1358 2177 2600 2293 tequjzque, ce tlacatl con quechpanoa
1350 2263 2585 2435 con moquechp anoltia mjmacp al, mo
1352 2371 2548 2545 çoaquetzquj, ictioatl in mjopuct,
1349 2479 2535 2648 iopucima, mjquax oacto techan
1359 2579 2581 2738 in acamo calaquj calitec: ocre achto
1356 2718 2556 2867 itoalnepantla, ic tlaujtequj in mac
1367 2832 2571 2962 palh, icoppa tlaujtequj, i oacique,
1367 2916 2657 3081 caltempniti, qujujtequj in calixquatl,
1355 3041 2636 3168 in tlcuxquatl: nj man ize in tlaquetzallhi,
1355 3159 2532 3328 ic conmoçaoa itlecujlixquac, oē
1374 3261 2566 3425 cepta vn çan tlaujtequj, mj quac in
1360 3363 2629 3536 iuh mjtoa njman aocac naoati, aocac
1352 3471 2588 3629 uel mopocaoa, vel ioioimjquj i ehn
1361 3577 2600 3749 neque, auh in cequjn canvel cococh
1364 3714 2582 3844 mjquj, tlacotaliuj, tlaquaqualaca,
1377 3804 2601 3926 iuh qujn neacatzaianalo cochioa, auh
1386 3910 2564 4041 in tlacaoececanenitztoe, aocvel mo
