2562 4118
645 67 1072 275 V ibro.
75 283 1234 420 que era mal afortunada, y desuen
66 405 1236 503 turada. El que en esta casa nacia:
83 506 1210 617 njnguna buena fortuna tenja,
88 604 1261 726 era temeroso, y cobarde, y espanta
83 703 1237 837 dizo: de qualqujera cosa se espan
97 791 1246 951 taua, y temblaua. Ca tercera
94 929 1230 1058 caja deste signo: se llamaua ey
78 1042 1285 1181 tochtli, dezian: que esta casa, era
85 1138 1275 1288 bien afortunada: y los que enella
94 1270 1302 1398 nacian, tenjan de comex co miuj
90 1375 1262 1520 poco trabajo, dezian. Que como
93 1496 1264 1625 los conejos se mantienen de cō
96 1573 1261 1734 sas del campo, yno trabajan: por
102 1681 1297 1822 loque ande comer nj beuer: sino
100 1785 1254 1944 que en todo lugar lo hallan ala
106 1890 1266 2025 mano: ansi dezian: que los que
100 1992 1266 2117 nacen eneste ligno, sin mucho
94 2118 1269 2250 trabajo son ricos. Ca quarta
108 2218 1288 2393 casa deste ligno: se llamaua na
93 2333 1281 2468 viatl, dezian: que era mal afor
95 2447 1272 2559 tunada: y los que en alla nacian,
111 2554 1295 2690 dazian: que siempre biujan en po
101 2660 1284 2792 breza, y afliccion, y tristeza: nutl
118 2763 1273 2898 ca tenjan contento, nj aleguia: y
118 2879 1308 3021 si alguna cosaganauan, todo seles
117 2962 1270 3112 yua dentre manos. Çaqujnta
102 3078 1261 3209 se llama macujlli itzeujntli, de
120 3205 1309 3333 zian: que era mal afortunada:
117 3308 1278 3440 porque exa casa dal dios del infiex
121 3397 1278 3512 no, que lellamauan: mjctlan te
126 3484 1274 3611 cutli. La sexta casa: se llama
107 3604 1298 3758 ua chiquacen oçomatli, dezian.
1076 3713 1116 3770 a
117 3720 1307 3884 que era de mal afortuna. Posq
1505 132 1670 283 A.
1327 265 2480 392 uchi mjtoaia, iuhqujpantiaia, iuhquj
1320 373 2447 503 neltiliaia amoqualli tonalli, çan ie
1319 482 2465 611 noiotl qujtemaca: imaqujn ipantlaca
1338 601 2438 733 tia, atle maceoal muchioaia, çan
1330 692 2492 844 muchipa motolinj tinenca: auh conca
1349 811 2471 964 momauhtianj, vel mauhquj, mama
1329 917 2465 1079 uhquj, mauhcatepetla, mavitzoco,
1342 991 2490 1202 mauhicaçonequjnj, mauhcaiollo, j
1338 1113 2508 1302 inaia, mjjnaxtinemj, motenetlatilia,
1346 1270 2488 1413 teueuecapavitinemj, mocujcujtivalzi,
1346 1366 2485 1557 iuhqujn aatonavi vivrioca, yn jtla
1335 1489 2508 1657 obitlatolli, mautica tlatolli qujcazizi:
1352 1619 2486 1785 mjçanna maca tlaquauh tlatoa, antu
1362 1750 2479 1882 co aca tlacocomotza, tlatiticujtza,
1351 1846 2473 2037 iocopinj, iztaia, iuhqujn aoc ezco, ia
1351 1958 2485 2151 iutqujn amaztalli, yiollo chocholua.
1349 2067 2492 2263 yiollo papatlaca, iuhqujntlaçaçauis
1363 2216 2477 2375 tiuetzi iiollo, itenpapatlaca, itenul
1370 2312 2480 2469 vioca, aoemoiuh qujqujça mjtlata
1365 2426 2462 2600 in tlaçautla uollo conmati, itlautla
1376 2536 2482 2717 violipan, itlaulauiollo contoca. fu
1359 2635 2454 2815 m eytochtli: iuh mjtoaia qualli i
1375 2785 2483 2922 aqujn ipantlacatia, neci inqujqua
1364 2877 2506 3075 nj, aneztica, amachiztli, in campā
1365 3000 2495 3185 qujenopiltiuja, mjmaceoal iun tiz
1364 3134 2463 3293 toa miuhquj tochin aneztica iij
1369 3168 2531 3373 tlaqual, cacatl xiuhtzmtli, elocacah,
1361 3301 2497 3483 in qujmoquaqualtia, popoçocatoc,
1367 3423 2483 3580 ceceliztoc, cecelia, cecelpatic, itzmon
1368 3511 2480 3735 nj, oalitzmolintiuh xonequjxtoc, t
1368 3622 2479 3803 xopaleoatoc xixinmaltie, xixitlo
2421 3711 2515 3834 tliti
1368 3755 2426 3920 maliutaoc, xixiuhcaltic, popoltzi
