2602 4138
542 52 1132 229 Libro. 2.
81 278 1337 453 toda labrada do turquesas, con vnas
78 407 1381 555 vandas de piedras, que se llamanchal
69 488 1360 651 chiujtes, atrauesadas por la cara:
77 596 1344 746 era muy hermosa esta mascara,
62 717 1335 858 y resplandeziente. Ponjanle, vna
72 822 1363 971 corona, que la llamauan, quetzal
86 933 1347 1075 comjtl, osa: hecha de plumas ri
83 1034 1337 1182 cas, era angosta, conforme al re
88 1114 1375 1256 dondo de la cabeca, en lo de abaxo:
83 1217 1368 1402 pero yuase ensanchando, hazia
100 1344 1388 1497 arriba: estauan las plumas arriba
93 1461 1335 1621 muy paradas, bien asi como vn
101 1556 1369 1700 clabel, que esta enredado de cañas,
83 1666 1344 1828 y arriba estan parradas, todas las
87 1750 1350 1953 flores, por enzima de las cañas. lle
111 1853 1342 1991 ua tambien esta corona, dos plu
88 1972 1353 2142 majes, vno de la parte izqujerda, y
101 2070 1364 2228 otro de la parte dereessa, que salen
110 2176 1369 2316 de junto a las sienes, amanera de
113 2264 1366 2423 cuernos, ynclinados hazia delante,
119 2374 1410 2513 en el remate dellos, van muchas plu
112 2457 1339 2626 mas ricas, que llaman quetzalli
115 2556 1376 2745 que salen de vnos vasos, hechas a
113 2663 1365 2813 manera de xicara chiqujta. Estos
127 2765 1354 2927 dos plumajes, o cuernos, se llama
123 2879 1358 3030 uan quam malitli: lleuaua esta
115 2990 1373 3118 corona cosida por la parte trasera
119 3073 1367 3230 y baxa, y vna cabellera de cabellos,
138 3172 1384 3335 rubios, que colgaua sobre las espal
119 3253 1356 3404 das: eran estos cabellos cercenados,
123 3386 1365 3547 por la parte de abaxo, muy ygua
130 3492 1356 3640 les: parescia que estos cabellos, sa
120 3594 1396 3737 lian de baxo la corona, y que eran
133 3689 1391 3826 naturales. Ponjan aesta estatua
136 3798 1426 3946 vn hornamento, de plumas muy ricas
125 3888 1387 4028 plegado al cuello, tan ancho como
123 3951 1395 4103 todos los pechos, que descendia hasta
1566 40 2430 206 de las cerimonjas.
1434 277 2495 439 petlaca iuhqujn cuecueioca,
1430 392 2515 561 cenca mihiiotia: yoan cona
1425 494 2500 674 quja yn itzonteco quetzalco
1422 639 2512 797 mjtl, çan tzinpitzaoac, vey
1427 754 2517 903 ynic quamalacachtic iuh
1428 887 2468 1041 qujn xexeliuj quetzalli:
1437 964 2495 1158 auh vme in quam malitli,
1426 1091 2540 1283 iuhqujn iquaquauh muchi
1427 1230 2510 1393 oa, nenecoc in mamanj.
1423 1350 2498 1512 Auh in quammalitli, que
1432 1491 2519 1627 tzaltzontecomaio yiomex
1431 1575 2525 1746 ti: auh yn jtzintlanque
1424 1701 2489 1885 tzalcomjtl, itech tlatzontli
1428 1865 2527 2010 tzoncoztli, cencan quenma
1438 1973 2513 2164 ch in tlaquatectli, cenca
1439 2123 2510 2307 quenmach in moquatec.
1433 2217 2519 2418 auh ycujtlacaxiuhian vetz
1443 2380 2516 2533 tica yn itecutzon, cencan
1445 2486 2502 2641 no quenmach intlaqua
1451 2572 2538 2760 tectli in tlatzontectli. Aus
1432 2683 2518 2892 yn iquac oconaqujque, ia
1437 2853 2521 3018 qujn manelli itzon; yoan
1446 2980 2525 3119 conquentia in quetzalage
1446 3084 2526 3260 mjtl, çan motqujtica que
1441 3198 2513 3372 tzalli, cenca veca in vilan
1451 3347 2518 3495 toc, tlalpan vivilantica:
1444 3434 2541 3612 in ehecatl itlan calaquj, iuh
1463 3579 2537 3742 qujn ma açomana, iuhq̄ta
1466 3690 2526 3861 cuecueioca, iuhqujn cuc
1463 3805 2477 3983 cueiaoa. Auh yn jpetl
1468 3879 2543 4055 muchioa, ocelueoatl, ocola
