2440 3696
1028 6 1497 140 delos agueros.
2250 89 2406 205 fo. 11.
142 110 1184 287 Quando de noche alguno via, algu.
1418 163 2364 344 o yoan, netetzaujloia in tlaca
136 274 1158 360 na estantigua, con saber que eran
139 314 1207 401 illusiones de tezcadipuca: pero tambien
1282 301 2308 447 ujiac: in jquac iovaltica moteittitia
122 391 1168 509 tomauan mal agouexo, enpensar: q̄
1286 413 2362 558 mjtoa: çan ie muche inaoal, inecue
136 476 1197 620 aquallo significaua, que el que lo via.
1281 519 2328 678 paliz intlacateculotl, tezcatlipuca,
118 541 1158 705 auja de ser muerto en la guerra, o
132 626 1182 766 capticio. Y quando acontecia: que
1271 642 2350 788 muchic teca mocaiaoa: in jquac aca
118 736 1172 868 algun soldado valiente, y esforça
1274 767 2331 912 iuh qujmottitia, ic qujtetzauja ina
130 843 1150 974 dozvia estas visiones, no temja: si
1273 890 2317 1040 ço ie iaomjqujz, aço tevicoz. Auh i
112 918 1180 1045 no assia fuertemente de la estan
115 1027 1167 1131 tigua, y demandaua la que ledi
1257 1001 2313 1164 naqujn vel mjhivintia, in jollotla
123 1112 1158 1251 asse espinas de maguey: que son
1261 1130 2347 1263 paliuj, in tonalchicavac, aiocmo quj
112 1200 1205 1328 senal de fortaleza, y valentia: y que
1268 1266 2339 1405 caoa, qujteteuhtzitzquja, itech mopi
115 1292 1168 1386 auja de captiuar en la guerra tan
110 1377 1160 1508 tos captiuos, quantas espinas le
1266 1378 2320 1534 loa: qujtlanjlia in vitztli, injc qujte
96 1461 1168 1599 diesse. Y quando acontecia: que al
1261 1487 2237 1645 molia oqujchiotl, in tlamaliztli.
95 1543 1194 1669 gun tiombre simple, y de poco saber,
107 1648 1128 1769 via las tales visiones: luego las
1244 1626 2337 1795 Auh mjtoa in aqujn ahqujmamac
96 1733 1165 1865 escupia, o apadreaua con alguna
1252 1793 2300 1919 caoa, in amo iolizmatquj, in amo
80 1821 1147 1956 suziedad: a este tal, njngun bien
1244 1873 2311 2076 nononotzale: in jquac oqujttac çan
74 1935 1152 2051 le venja: mas antes le venja algu
81 2026 1146 2167 na desdicha, o infortunjo. Y si al
1227 2020 2288 2181 conchicha, anoço cujtlatl ic con
76 2122 1109 2265 gun medroso, y pulilanjmo yia
1234 2147 2293 2313 tepachoa: auh amotle ic qujcne
75 2221 1148 2356 estas estantiguas: luego se cortaua,
1230 2257 2310 2412 lia, çan no qujtelchioa, itla neto
66 2307 1122 2460 luego se le qujtauan las fuerças,
1221 2348 2322 2567 linjliztli, ic qujteopoa, ic qujmotla,
77 2427 1124 2560 y luego se le secaua la boca, que
67 2514 1108 2640 no podia hablar: y poco, a pocō
1218 2521 2305 2675 ic qujueipoloa: aço victli, mecapal
60 2610 1116 2734 se apartaua de la estantigua:
1204 2644 2289 2835 li qujttitia. Auh in aqujn, çan
75 2680 1132 2838 para asconderse, donde no la
72 2794 1110 2931 viesse: y quando yua por el ca
1203 2766 2301 2941 vel mauhcatlacatl qujmottitia: nj
55 2897 1122 3029 mjno, pensaua que yua tras el
1200 2915 2306 3051 man amo coniecoa, injtemamauh
40 2969 1137 3138 la estantigua, para tomarle:
1197 2987 2263 3200 tiliz: vel çotlaoa, iolmjquj, aocmo
53 3059 1083 3217 yen llegando a su casa, abria
1202 3102 2329 3299 chiche: vel icopac tlaoaquj, icamac
43 3172 1086 3312 de presto la puerta, y entraua
39 3255 1100 3397 de presto, ȳ cerraua la puerta
1197 3264 2272 3399 tlapoliuj, icamac tlacacalipi: aoc
34 3341 1099 3508 de su casa, y passaua agatas,
1188 3360 2275 3537 mo tlapalti, aocmo tlapaltia inj
