1886 2724
376 3 664 123 libro..
56 146 918 253 çaua luego, a hablar el satrapa: diziendo
62 218 902 309 desta manera. Hijo has hablado, anr̄o
64 269 911 366 señor dios: diziendo delante del, tus ma
61 330 886 415 las obras: agora tambien, ensu nom
63 387 902 476 brete qujero dezir: lo que eres obliga
67 445 928 546 do, a hazer. Quando decienden, ala tie
61 510 904 596 rra, las diosas, llamadas cioapipilti: o
67 582 923 693 quando se haze, la fiesta de las diosas
69 654 930 751 de la carnalidad: que se llaman ixcuj
74 708 936 815 name: ayunaras quatro dias, afligien
73 780 924 877 do tu estomago, y tu boca. Y llegado
74 844 916 953 el dia de la fiesta, destas diosas, ixcuj
79 922 916 1032 name: luego de mañana, o en ama
83 971 927 1087 neciendo: paraque hagas la peniten
85 1047 924 1157 cia conuenjble, por tus pecados. Pa
84 1110 931 1246 ssaras la lengua, por el medio, de parte
88 1181 939 1299 aparte: con algunas mjmbres, que se lla
92 1232 951 1348 man teucalçacatl o tlacotl: y si mas quj
89 1309 944 1444 sieres, passarlas has, por las orejas, lo vno
98 1386 944 1503 de dos: y esto haras en penitencia, y sa
89 1456 924 1557 tisfacion, por tu peccado: no por via,
88 1509 940 1623 de merecjmjento: sino en penitencia del
98 1577 937 1698 mal, que heziste. Traspassaras, la len
102 1647 948 1772 gua, por el medio, con alguna espina,
105 1715 931 1836 de maguey: y despues por el mjsmo a
107 1754 938 1912 gujero, passaras las mjmbres: passa:
98 1834 938 1954 ras cada vna, por delante tu cara, y
105 1906 920 2017 acabando de sacarla: arrojar la has,
107 1967 937 2075 atras de ti azia las espaldas: y si quj
99 2032 941 2166 sieres, de todas ellas, hazer vna, atā
107 2105 947 2219 do todas, la vna con la otra: oraseā
109 2172 938 2308 quatrozientas, o ochozientas: las que
106 2240 930 2375 vujeres de sacar, por la lengua: ha
109 2298 935 2433 ziendo esto, se te perdonan, las suzie
111 2368 943 2489 dades, que heziste. Y sino tiene mu
109 2450 930 2562 chos, nj graues pecados, el penjtente:
119 2508 931 2624 dizele, el satrapa, delante qujen se
116 2586 956 2704 confiessa. hijo, ayunaras, fatigaras, tu
1077 28 1527 133 de los dioses.
984 166 1826 286 quenjn ticmati, yvin quenjn cah:
980 248 1851 371 in quenjn muchiuh, in quenjn tax:
975 339 1822 464 in quenjn ticchiuh, in monequal,
977 435 1819 539 in monequaujtec: xicnoquj, xic
984 530 1829 654 petlanj, in maiectica, in maqual
991 643 1769 759 tica, in mjiaca in mopalanca.
988 739 1819 863 Auh xicmotlaoculnonochili, yn
985 828 1840 956 totecujo, in tloque naoaque, inmo
986 927 1839 1043 macoaltitica, y macocheticaz, in
987 1017 1817 1147 teputzetica; ximotlapalo, mati
990 1113 1843 1241 mopinoquetz, ma titzicolo. Nimā
998 1204 1851 1330 ōtlalqua in tlamaceuhquj, oncopal
994 1304 1836 1421 tema: njman ixpan motlalia
991 1402 1823 1517 in tlapouhquj: qujlhuja, injc tevi
991 1507 1791 1606 ujti, ynjc tepatiloti, ynjc teixip
994 1572 1796 1700 tla. Totecujoe, tloquehe, naoa
991 1675 1805 1788 quehe: ca ticmocujlia, ca ticmoca
989 1752 1858 1883 qujtia, in njiaca, in nopalanca: mjx
997 1852 1791 1967 pantzinco, njnopepetlaoa, njno
989 1943 1823 2047 mamaxauja: ca onax, ca onjcchi
1000 2043 1841 2141 uh: cujx ichtaca, cujx tlaiooaian,
999 2135 1835 2249 ca tezcac, ca tlavilpan im mjxpan
996 2218 1821 2336 tzinco, yn onax. Niman compe
998 2295 1835 2405 oaltia, in jtlapilchioaliz, vel iujn
991 2391 1792 2517 quenjn cah, vel yujn quenjn
995 2480 1822 2600 qujchiuh: yn maca çan cujcatl,
998 2588 1776 2684 cenca çan jvin coneoa, cencan
