2424 3988
475 37 1075 208 libro. 2.
127 226 1309 367 alos que las lleuauan: ellos las su
165 322 1291 445 bian, al cu de vitzilopuchtli: y lle
145 403 1295 561 gando arriba, ponjanlas maças
159 497 1267 623 sobre la estatua de vitzilopuch
154 566 1290 720 tli, que era hecha de masa de ble
143 665 1298 774 dos, alli cayan cansados, alli esta
148 759 1285 897 uan carleando de cansados: lue
146 866 1270 998 go yua vn satrapa, y cortaua
145 952 1312 1083 las orejas, con vn pedernal, aestos
141 1045 1295 1179 dos que aujan llegado cansados,
128 1110 1322 1252 y tornando ensi, baxauan del cu
121 1219 1255 1358 trayendo consigo la estatua de
140 1314 1298 1442 vitzilopuchtli captiua, que era
129 1401 1327 1526 de masa, y lleuauanla para cus
133 1485 1306 1624 casas, y hazian combite conella,
121 1615 1310 1699 asus parientes y atodos los de su
115 1651 1304 1789 barrio. Necho esto, tomauanle
114 1767 1286 1920 luego alos captiuos, y alos otros
114 1863 1285 2001 esclauos, que aujan de morir, y
108 1954 1273 2104 mayanlos en procesion, al rede
111 2042 1264 2179 dor del cu, sola vna vez: yuan
104 2140 1275 2266 delante de todos los captiuos, y
90 2239 1282 2396 luego los ponjan en orden: lue
102 2332 1286 2503 go descendia vn satrapa, de lo al
85 2420 1279 2548 todel cu, y traya en las manos
98 2524 1244 2673 vn volumen grande, de pape
91 2621 1235 2752 les blancos, que llaman tete
113 2696 1257 2858 opoalli, o por otro nombre te
92 2796 1267 2950 teujtl. En llegando abaxo, alca
93 2880 1253 3011 ua los papelos, como ofreciendo
77 2976 1256 3125 los, hazia las quatro partes del
94 3076 1256 3212 mundo: luego los ponja en vn
91 3159 1253 3316 pilon, que se llama quauhxi,
99 3254 1256 3395 calco. Puego descendia otro sa
90 3308 1219 3486 trapa, que traya vn hachon
95 3431 1253 3552 de teas muy largo, que llamā
98 3530 1243 3673 xiuhcoatl: tenja la cabeça, y
81 3628 1274 3757 la cola como culebra, y ponjan
76 3704 1259 3853 en la boca, vnas plumas colgra
75 3794 1225 3952 das, que parescia que le salia
1505 27 2330 198 delas cerimonjas.
1396 230 2381 376 vel cocotlaoa, cacientoque
1390 352 2392 524 Auh i tlenamacac, njmoc
1378 484 2391 624 ieiciauh, qujnnacaz tecpa
1385 603 2395 754 via, ic oallachia, mjemoz
1383 701 2407 862 calia. Auh io mozcalique
1389 847 2395 980 mecoaltemo, qujtqujtieii
1372 919 2411 1131 ocacique tzoalli, qujmote
1385 1081 2425 1223 lia i mctan, canel, imipido,
1381 1205 2405 1351 qujqua, qujnmamaca tl
1377 1296 2389 1492 i oaniolque, yoan intla
1368 1416 2389 1600 xillacaleque, quj cenqua
1370 1507 2429 1718 Auh in ie iuhquj mectetia
1377 1614 2428 1835 iaoaloctitilo, in mjqujzque
1386 1802 2395 1957 canceppa inqujnoallaio
1358 1878 2427 2069 oalochtia: i ieuehquj tilc
1370 2041 2400 2207 temanalo, tetecpanalozi
1366 2174 2384 2338 cattimanj, i mamalti: nj
1373 2281 2377 2478 man ie ic qujn oaltemozi
1364 2408 2383 2578 in teteuppoalli: ce tlacaii
1368 2552 2366 2685 i qujoal temovia, moços
1359 2660 2358 2810 tico tlalchi, nauh camp
1356 2766 2384 2922 conjaoa; mec comana, mj
1362 2896 2384 3067 çan moteneoa quauhxico
1350 3020 2393 3180 co: njman ie ic no oaltana
1354 3146 2389 3296 i xicch coatl, canjuhquj
1346 3273 2382 3409 mo copilli: cuecalin mjtla
1341 3319 2427 3544 nepil muchioa, claclatus
1359 3515 2374 3669 mo copilli: auh mjcujtla
1339 3629 2368 3795 vil, amatl, aço vmmatl:
1336 3761 2396 3917 anoco ematl, mjc viac: u
