2460 3960
547 1 1109 182 libro. El
86 197 1299 342 a. En acabando de tomar, arra
67 341 1276 440 çaua acorrer, tras ellos, como per
75 417 1246 589 sigujendolos: y todos dauan gri
71 526 1287 690 ta, y quando hazia esta corrida
72 668 1256 785 el sobre dicho, como yua entre
79 757 1249 942 la gente huyendo, todos le esco
69 889 1277 1062 pian, y le arronjauan, lo que
74 1018 1292 1197 tenjan en las manos: y el señor
74 1152 1273 1310 tambien daua, vna remetida
64 1271 1246 1414 corriendo poço trecho: ansi se
83 1348 1267 1536 entraua en su casa corriendo:
50 1495 1207 1700 y todos los demas, hazian lo
85 1650 1246 1790 mismo, y assi dexauan todos,
85 1770 1250 1980 aquel que era ymagen, de la
82 1858 1259 2055 diosa toci: excepto algunos que
49 2009 1230 2184 le segujan, con algunos satra
71 2129 1221 2350 pas, hasta lleuarle, al lugar
72 2279 1257 2477 donde auja, de desnudarse, el
105 2405 1244 2605 bellejo: el qual lugar, se llama
81 2512 1248 2679 ua tocititlan, alli le colgaua en
75 2655 1250 2852 vna garita, que alli estaua: tē
72 2779 1251 2961 diale muy bien, paraque estu
79 2897 1237 3091 uiesse tentidos los braços, y la
73 3021 1223 3179 cabeca, hazia la calle, o camj
59 3119 1252 3298 no. Techo esto, se acabaua, la
65 3253 1238 3448 fiesta, y cerimonjas, de ochpa
79 3357 1251 3537 niztli. Este es el fin, de la rela
76 3499 713 3650 cion desta fiesta:
1452 -1 2356 178 de las ceximonjas.
1335 190 2410 340 tilvitl, quauhxicaltica ma
1343 302 2422 483 nj, mjcpac vitzilobuctitli: auh
1327 431 2416 598 in qujoal temovia ticatl, tle
1329 524 2411 691 namacac: mocaxitiço tlatizi
1326 657 2408 823 tlan, mec qujmana in vno
1322 781 2437 927 Coa xalpan. Auh moqujman
1331 905 2410 1074 njman ic eoa in tiacaoan, ce
1331 1019 2405 1166 camotlaloa, cenca totocoa,
1334 1145 2425 1292 vel vncan neci mpainanj, in
1328 1274 2416 1462 tlaççanj: maqujniacactiuh,
1337 1382 2389 1564 qujmotzolotiqujca mjvitl:
1317 1505 2403 1696 njman icmolonj, njmā ieic
1314 1632 2429 1791 ipan onnetepeoalo in qujno
1314 1765 2425 1899 moia in hi vitl njman ic qujs
1312 1868 2417 2000 timanj vel motlaloa. Auhin
1317 1990 2426 2115 toci vncan qujnchixticac, yncā
1320 2112 2411 2265 qujmjtzticac, njmā ic qujmo
1324 2220 2393 2346 vitia, in techietiqujça, qujn
1300 2349 2395 2464 toca, tlacaoacatiich. Auh mnj
1316 2472 2410 2592 quac ieiauh toci, muchi tlaço
1309 2580 2397 2729 conchicha: in aca isuchiuh o
1323 2708 2402 2839 mac onoca, conctichicha, it
1317 2814 2409 2967 cōmotla: Auh ni flotecuçs
1315 2959 2409 3105 ma, no teaoa, mo tlaloa, col
1302 3039 2400 3228 achiton in contoca: iquen
1302 3186 2415 3339 man, totocalco in calactizi
1314 3302 2411 3450 tzi, in queman fecaman, in
1311 3407 2416 3575 calactivetzi. Aiuh mjxqujci:
1306 3518 2411 3686 tlacatl, çan iuh ontlantidi
1309 3641 2408 3833 i qujtlalçavia, çaquezqujli
1306 3766 2388 3933 ti in vel qujmonaxitia, in
