2738 4352
1302 25 1781 253 dpo lo gia.
401 33 1111 279 sipendiz. y.
2382 238 2639 395 fi. 30.
48 305 2680 545 El acuenta, de todos los tiempos, que tenjan estos naturales, es
717 477 1460 656 la que se sigue.
57 705 2677 945 P Lamayor cuenta dle tiempo, que contauan era hasta ciento y
60 847 2722 1037 quatro años, y aesta cuenta llamauan vn siglo, ala mjtrd destacue
53 945 2673 1133 ta, que son emcuenta y dos, gnos: llamauan vna gabilla de años, este
49 1051 2676 1255 tiempo de anos, frayjan la abantiguo contados, no se sabe quando co
59 1158 2670 1364 menco: pero tenjan por muuj aueriguado, como de fe, que el mū
61 1248 2665 1432 do seauja de acabar en el fin de vna destas gabillas de años: y te
56 1410 2616 1529 njan prenostico lo oraculo, que en tonce avia decesar el mouj
61 1467 2645 1610 mjento de los cielos, y tomauan por señal al moujmjento de las
22 1586 2662 1729 cabrillas: la noche desta fiesta, que ellos llamauan Toxmmilpi
30 1705 2623 1837 lia: de talmanera cayja que las cabrillas, estauan en medio del
47 1814 2647 1939 cielo: ala mecha noche en respecto deste orizonte mexicano. En
50 1941 2643 2054 esta noche sacauan fuego nueuo: y primero que los sacassen, apaga
53 2027 2650 2170 uan todo el fuego, en todas las proujncias, pueblos, y casas de to
43 2114 2673 2248 da esta nueua españa: y iban con gran procession, y solemnjdad,
52 2215 2647 2418 Todos los satrapas, y mjñjstros del templo: partian claquj del tem
54 2334 2645 2490 plo de mexico, aprima noche: yrban hasta la cumbre de aquel
49 2477 2592 2625 cerro, que esta cabe Itztapalapan; que ellos llaman vixachte
48 2564 2652 2691 catl. Y llegauan ala cumbre ala meda noche, o casi: donde estaua
59 2659 2663 2829 vn solemne en, edificado para aquella cerimonja. llegados alli
56 2767 2656 2947 mjrauan alas cabrillas: si estauan enel meco, y gno estauan
57 2889 2644 3062 esperauan hasta que llegassen. Y quando vian, que ya passa
52 2985 2610 3138 uan del medio: entendian que el moujmjento del cielo no ce
50 3110 2657 3236 zaua, y que no era alli el fin del mundo, mo que avian de
45 3227 2622 3352 tener o tros encuenta y dos años, deguros, que nose acabaria
41 3341 2633 3476 el mundo. En esta hora estauan en los cerros circanstantes que
45 3460 2655 3589 cexcan atoda esta proujncia de mexico. Tezcucu, y Suchimjl
37 3565 2664 3713 coguauhtitlan, gxan cantidad degente, esperando auer el
26 3672 2652 3809 fuego nuguo: que era señall, que el mundo iba adelante. Y como
35 3809 2668 3971 saçauan el fuego, los satrapas, con gran ceximonja, enell cu de
32 3911 2652 4078 aquel cexxo: luego separecia, en todo lo caircunstante delos cerros:
60 4043 2667 4210 y los que estauan alli alamjra, leuantauan luego vn alarido
2481 4239 2527 4341 z. P
