2568 4108
258 2526 409 2611 uAa
495 78 922 293 Lib
941 1899 1134 2081 l
1442 153 1592 318 qo
1279 262 2435 445 qujttaz in jneiollaliliz. Auh ynj
1279 402 2447 542 van nauj quauhtli, yoan macujl
1274 494 2443 635 li cozcaquauhtli, yoan chiquacan
1281 568 2439 726 olin, iuhmjtoa: njman amotle
1280 665 2441 812 qualli in izqujtetl yn, tonalli can
1281 770 2435 900 muchipa iuh mjtoa: in aqujn xpan
1278 854 2447 998 tlacatia, çan yee injltiujl, in emac
1288 972 2435 1105 in netolinjliztli, yoan tlatolli colol
1275 1067 2449 1205 hujtinemj, tetlatolevia, yoan tlato
1299 1134 2458 1292 tevilo, oiovilo, tenepantla qujtlaliti
1293 1256 2433 1405 nemj in xixtli, cujtlatl, in aqualli:
1290 1365 2431 1522 in juhquj yemjieccan omoteneuh.
1310 1475 2483 1644 Auh inocnen ic qujqualtiliaia tonal
1298 1573 2498 1740 youtque: qujnjpanqujtlaliaia incti
1315 1726 2462 1849 come tecpatl, iquac caltiaia: ipam
1310 1830 2468 1972 pa ca omjto, ca muchipa qualcan
1303 1944 2472 2090 in chicometioaia: atle yc itlacauh
1306 2060 2462 2182 tica in tonalli yel vncan ca ilhuj
1319 2169 2468 2339 li, nemactli: ca ytlatoaia inchico
1327 2285 2446 2461 me coatl, et af. Auh inchicuey quj
1321 2394 2470 2556 aujtl, yoan chicunavi suchitl: ieo
1318 2523 2472 2667 mjto, yeomoteittiti in quenjn a
1330 2613 2479 2775 mo qualcan vncan yn: ca vnçan yl
1333 2714 2494 2898 tlacatia, in qujçaia in jchtequjnj,nna
1348 2853 2468 2986 tetlatlaxma Et ym macaxonj,
1349 2968 2450 3098 mmauhcacttonj tlalticpac, inteca
1349 3074 2476 3184 mocacaiaoa, in atlacacemelleque,
1353 3167 2458 3287 much mjecctamantli omoteneuh
1344 3251 2491 3407 itlatlatollo. Auh mjpan matlactli
1344 3380 2483 3529 cipactli: iuhqujtoa, qualcan vncanl
1352 3485 2482 3648 tlacatia, in mocujltonoa, m motlaca
1366 3592 2482 3734 mati, mavia, i vellamati, in paquj
1366 3718 2486 3854 tlalticpac, i oqujchtli in cioatl, çan
1360 3781 2534 3950 ienoiuhquj, in qujtoqujlitica in aillo
