<?xml version="1.0" encoding="UTF-8" standalone="yes"?>
<PcGts xmlns="http://schema.primaresearch.org/PAGE/gts/pagecontent/2013-07-15" xmlns:xsi="http://www.w3.org/2001/XMLSchema-instance" xsi:schemaLocation="http://schema.primaresearch.org/PAGE/gts/pagecontent/2013-07-15 http://schema.primaresearch.org/PAGE/gts/pagecontent/2013-07-15/pagecontent.xsd">
    <Metadata>
        <Creator>prov=University of Rostock/Institute of Mathematics/CITlab|PLANET AI GmbH/Gundram Leifert/gundram.leifert@planet-ai.de:name=Florentine Codex(htr_id=24784)::::v=2.6.6
prov=University of Rostock/Institute of Mathematics/CITlab|PLANET AI GmbH/Tobias Gruening/tobias.gruening@planet-ai.de:name=de.uros.citlab.module.baseline2polygon.B2PSeamMultiOriented:v=2.6.6
prov=University of Rostock/Institute of Mathematics/CITlab|PLANET AI GmbH/Tobias Gruening/tobias.gruening@planet-ai.de:name=/net_tf/LA73_249_0mod360.pb:de.uros.citlab.segmentation.CITlab_LA_ML:v=2.6.6
Transkribus</Creator>
        <Created>2020-06-23T15:23:26.822-07:00</Created>
        <LastChange>2020-06-24T05:46:10.412+02:00</LastChange>
    </Metadata>
    <Page imageFilename="FC_Vol_1_74.png" imageWidth="2696" imageHeight="4302">
        <ReadingOrder>
            <OrderedGroup id="ro_1596736932093" caption="Regions reading order">
                <RegionRefIndexed index="0" regionRef="r1"/>
                <RegionRefIndexed index="1" regionRef="r2"/>
            </OrderedGroup>
        </ReadingOrder>
        <TextRegion orientation="0.0" id="r1" custom="readingOrder {index:0;}">
            <Coords points="42,190 42,4121 1332,4121 1332,190"/>
            <TextLine id="r1l1" custom="readingOrder {index:0;}">
                <Coords points="539,268 733,246 832,257 876,285 990,284 987,169 914,150 885,166 828,149 779,161 718,126 634,133 609,115 536,132"/>
                <Baseline points="546,245 571,244 597,243 622,240 648,239 673,238 699,237 725,236 750,235 776,234 801,234 827,233 853,233 878,234 904,234 929,235 955,236 981,239"/>
                <TextEquiv>
                    <Unicode>libro. 1. </Unicode>
                </TextEquiv>
            </TextLine>
            <TextLine id="r1l2" custom="readingOrder {index:1;}">
                <Coords points="36,458 1292,439 1276,332 1026,355 939,317 852,364 420,373 35,346"/>
                <Baseline points="44,449 106,444 168,440 230,438 292,436 354,434 416,432 478,432 540,431 602,431 664,431 726,431 788,431 850,431 912,429 974,429 1036,428 1098,428 1160,425 1222,423 1284,420"/>
                <TextEquiv>
                    <Unicode>ta dicho: ponjanle enla mano, vn vaso ver</Unicode>
                </TextEquiv>
            </TextLine>
            <TextLine id="r1l3" custom="readingOrder {index:2;}">
                <Coords points="48,542 446,574 939,505 1221,546 1274,529 1273,462 481,444 275,479 219,447 132,492 46,459"/>
                <Baseline points="56,533 116,530 177,525 237,522 298,520 358,518 419,515 479,513 540,510 600,509 661,509 721,507 782,507 842,507 903,507 963,507 1024,508 1084,509 1145,510 1205,511 1266,513"/>
                <TextEquiv>
                    <Unicode>de, lleno de agua: y con vn ramo de salze,</Unicode>
                </TextEquiv>
            </TextLine>
            <TextLine id="r1l4" custom="readingOrder {index:3;}">
                <Coords points="52,627 426,610 506,641 855,583 1099,613 1240,572 1239,540 1019,505 819,519 779,556 51,565"/>
                <Baseline points="59,614 117,614 176,612 234,611 293,609 352,609 410,608 469,606 528,604 586,602 645,600 704,600 762,598 821,597 880,596 938,594 997,594 1056,593 1114,593 1173,593 1232,593"/>
                <TextEquiv>
                    <Unicode>rociaua atodos, con aquella agua: como</Unicode>
                </TextEquiv>
            </TextLine>
            <TextLine id="r1l5" custom="readingOrder {index:4;}">
                <Coords points="52,737 499,677 1247,715 1245,608 51,640"/>
                <Baseline points="59,695 118,692 177,690 236,687 295,686 354,684 413,683 472,681 531,680 590,679 649,678 708,678 767,677 826,677 885,677 944,677 1003,677 1062,677 1121,677 1180,677 1239,677"/>
                <TextEquiv>
                    <Unicode>qujen hecha agua bendita. Y quando</Unicode>
                </TextEquiv>
            </TextLine>
            <TextLine id="r1l6" custom="readingOrder {index:5;}">
                <Coords points="46,812 702,810 779,761 965,750 1196,794 1288,763 1288,708 1014,720 919,684 617,721 499,676 45,748"/>
                <Baseline points="53,785 114,780 175,776 237,773 298,770 360,768 421,766 482,765 544,764 605,764 667,764 728,764 789,764 851,764 912,764 974,764 1035,762 1096,762 1158,761 1219,759 1281,758"/>
                <TextEquiv>
                    <Unicode>entre año, alguno destos, deste officio: que</Unicode>
                </TextEquiv>
            </TextLine>
            <TextLine id="r1l7" custom="readingOrder {index:6;}">
                <Coords points="56,882 177,894 274,847 1069,866 1258,844 1257,776 1020,750 868,798 744,772 695,813 413,768 329,810 54,816"/>
                <Baseline points="63,870 122,864 181,859 241,855 300,851 359,849 419,848 478,846 537,845 597,845 656,845 715,845 775,845 834,845 893,845 953,845 1012,845 1071,843 1131,842 1190,839 1250,836"/>
                <TextEquiv>
                    <Unicode>ria, por su deuocion, hazer fiesta aeste</Unicode>
                </TextEquiv>
            </TextLine>
            <TextLine id="r1l8" custom="readingOrder {index:7;}">
                <Coords points="58,967 611,928 745,974 841,928 1082,972 1301,931 1299,866 1201,860 56,882"/>
                <Baseline points="66,962 127,954 188,947 250,942 311,938 372,934 434,931 495,929 556,927 618,926 679,926 740,926 802,926 863,926 924,926 986,926 1047,927 1108,927 1170,927 1231,927 1293,927"/>
                <TextEquiv>
                    <Unicode>dios, daua relacion dello, asus satrapas.</Unicode>
                </TextEquiv>
            </TextLine>
            <TextLine id="r1l9" custom="readingOrder {index:8;}">
                <Coords points="35,1095 118,1036 1248,1024 1288,1015 1287,942 733,990 486,946 414,986 342,942 124,999 33,975"/>
                <Baseline points="42,1040 103,1034 165,1029 227,1026 289,1023 351,1020 413,1019 475,1017 537,1014 599,1014 661,1013 722,1013 784,1013 846,1013 908,1013 970,1013 1032,1013 1094,1013 1156,1013 1218,1013 1280,1011"/>
                <TextEquiv>
                    <Unicode>y todos ellos, lleuauan avn satrapa, vesti</Unicode>
                </TextEquiv>
            </TextLine>
            <TextLine id="r1l10" custom="readingOrder {index:9;}">
                <Coords points="67,1122 1084,1091 1171,1138 1274,1098 1256,1042 811,1013 181,1080 125,1045 67,1088"/>
                <Baseline points="75,1118 134,1112 194,1108 253,1103 313,1100 372,1098 432,1096 491,1095 551,1094 610,1094 670,1094 730,1094 789,1094 849,1094 908,1094 968,1094 1027,1094 1087,1092 1146,1092 1206,1090 1266,1088"/>
                <TextEquiv>
                    <Unicode>do con los ornamentos, deste dios: como</Unicode>
                </TextEquiv>
            </TextLine>
            <TextLine id="r1l11" custom="readingOrder {index:10;}">
                <Coords points="67,1222 290,1244 753,1167 971,1173 1043,1215 1098,1177 1283,1186 1258,1095 1024,1144 517,1100 66,1150"/>
                <Baseline points="74,1208 134,1199 194,1193 254,1186 314,1182 374,1178 434,1175 494,1173 554,1171 614,1170 674,1169 734,1169 794,1170 854,1170 914,1170 974,1172 1034,1173 1094,1173 1154,1173 1214,1173 1275,1173"/>
                <TextEquiv>
                    <Unicode>su ymagen. Y por donde yua, yua he</Unicode>
                </TextEquiv>
            </TextLine>
            <TextLine id="r1l12" custom="readingOrder {index:11;}">
                <Coords points="65,1304 440,1321 600,1266 1176,1306 1286,1282 1284,1185 1069,1229 868,1172 731,1228 63,1222"/>
                <Baseline points="72,1295 132,1289 192,1284 252,1281 313,1277 373,1274 433,1271 494,1268 554,1265 614,1263 675,1262 735,1260 795,1260 855,1260 916,1260 976,1260 1036,1262 1097,1263 1157,1265 1217,1267 1278,1269"/>
                <TextEquiv>
                    <Unicode>chando el agua: rociando, alos que esta</Unicode>
                </TextEquiv>
            </TextLine>
            <TextLine id="r1l13" custom="readingOrder {index:12;}">
                <Coords points="82,1387 1305,1355 1303,1302 1238,1291 723,1276 81,1339"/>
                <Baseline points="90,1382 150,1376 210,1371 270,1365 331,1361 391,1358 451,1353 512,1350 572,1348 632,1346 693,1344 753,1343 813,1343 873,1341 934,1341 994,1341 1054,1342 1115,1343 1175,1343 1235,1344 1296,1346"/>
                <TextEquiv>
                    <Unicode>uan, por donde passavan: con vn ramo</Unicode>
                </TextEquiv>
            </TextLine>
            <TextLine id="r1l14" custom="readingOrder {index:13;}">
                <Coords points="63,1511 443,1446 579,1476 738,1431 1258,1445 1292,1439 1289,1358 1186,1394 942,1356 288,1378 61,1448"/>
                <Baseline points="69,1479 129,1471 190,1464 251,1457 312,1451 372,1446 433,1442 494,1438 555,1435 615,1433 676,1431 737,1430 798,1429 858,1428 919,1428 980,1428 1041,1428 1101,1430 1162,1430 1223,1430 1284,1430"/>
                <TextEquiv>
                    <Unicode>de salze, como qujen hecha agua ben</Unicode>
                </TextEquiv>
            </TextLine>
            <TextLine id="r1l15" custom="readingOrder {index:14;}">
                <Coords points="49,1577 1236,1525 1277,1466 1052,1423 45,1502"/>
                <Baseline points="57,1578 117,1569 178,1561 239,1554 300,1547 360,1541 421,1535 482,1531 543,1528 603,1523 664,1521 725,1518 786,1515 846,1514 907,1514 968,1512 1029,1512 1089,1512 1150,1512 1211,1514 1272,1514"/>
                <TextEquiv>
                    <Unicode>dita. Llegado, ponjanle, ensu lugar</Unicode>
                </TextEquiv>
            </TextLine>
            <TextLine id="r1l16" custom="readingOrder {index:15;}">
                <Coords points="57,1705 256,1639 427,1674 610,1615 717,1650 826,1610 942,1628 1001,1576 1205,1633 1289,1598 1286,1542 1141,1505 1039,1550 666,1533 513,1576 309,1543 51,1581"/>
                <Baseline points="63,1661 123,1652 184,1645 245,1638 306,1632 367,1627 428,1622 489,1616 550,1613 611,1610 672,1607 732,1605 793,1602 854,1601 915,1599 976,1598 1037,1596 1098,1595 1159,1595 1220,1595 1281,1593"/>
                <TextEquiv>
                    <Unicode>y hazian algunas cerjmonjas, ensu pre</Unicode>
                </TextEquiv>
            </TextLine>
            <TextLine id="r1l17" custom="readingOrder {index:16;}">
                <Coords points="77,1748 197,1756 335,1702 428,1736 619,1695 1260,1696 1272,1644 914,1612 706,1660 611,1619 495,1665 75,1692"/>
                <Baseline points="84,1739 143,1732 202,1726 261,1720 320,1716 379,1711 438,1708 497,1704 556,1701 615,1700 675,1698 734,1696 793,1695 852,1694 911,1693 970,1692 1029,1691 1088,1691 1147,1689 1206,1689 1266,1688"/>
                <TextEquiv>
                    <Unicode>sencia: rogandole, que hiziesse merce</Unicode>
                </TextEquiv>
            </TextLine>
            <TextLine id="r1l18" custom="readingOrder {index:17;}">
                <Coords points="84,1842 333,1810 401,1848 613,1781 841,1776 946,1836 1032,1792 1281,1811 1277,1718 1097,1691 765,1738 567,1718 362,1781 226,1787 141,1739 81,1769"/>
                <Baseline points="90,1827 149,1821 208,1815 267,1810 326,1804 385,1800 444,1796 503,1793 562,1789 621,1787 681,1784 740,1782 799,1780 858,1779 917,1778 976,1776 1035,1776 1094,1775 1153,1775 1212,1775 1272,1775"/>
                <TextEquiv>
                    <Unicode>des, en aquella casa. El que hazia</Unicode>
                </TextEquiv>
            </TextLine>
            <TextLine id="r1l19" custom="readingOrder {index:18;}">
                <Coords points="80,1933 421,1932 625,1875 968,1918 1121,1871 1279,1897 1278,1820 706,1806 636,1842 518,1814 447,1861 335,1825 77,1866"/>
                <Baseline points="87,1925 146,1919 205,1911 264,1906 324,1900 383,1895 442,1890 501,1887 561,1883 620,1880 679,1877 738,1875 798,1873 857,1871 916,1871 975,1869 1035,1869 1094,1870 1153,1871 1212,1872 1272,1874"/>
                <TextEquiv>
                    <Unicode>esta fiesta, daua de comer, y de beuer</Unicode>
                </TextEquiv>
            </TextLine>
            <TextLine id="r1l20" custom="readingOrder {index:19;}">
                <Coords points="83,2029 212,1998 325,2037 665,1967 1257,1974 1253,1889 1134,1883 994,1919 494,1901 308,1955 214,1906 147,1955 79,1934"/>
                <Baseline points="90,2009 147,2003 205,1997 263,1992 321,1987 379,1983 437,1979 495,1975 553,1972 611,1968 669,1965 726,1964 784,1961 842,1959 900,1958 958,1956 1016,1956 1074,1955 1132,1955 1190,1955 1248,1956"/>
                <TextEquiv>
                    <Unicode>al dios, y alos que conel yuan: y atodos</Unicode>
                </TextEquiv>
            </TextLine>
            <TextLine id="r1l21" custom="readingOrder {index:20;}">
                <Coords points="65,2116 195,2136 312,2084 410,2115 588,2051 1291,2055 1313,1981 818,1963 214,2042 146,2012 62,2079"/>
                <Baseline points="71,2099 132,2094 194,2089 256,2083 318,2077 380,2072 442,2067 503,2063 565,2057 627,2052 689,2047 751,2044 813,2040 875,2037 936,2034 998,2033 1060,2031 1122,2031 1184,2031 1246,2033 1308,2034"/>
                <TextEquiv>
                    <Unicode>los que auja combidado. Esto hazia en</Unicode>
                </TextEquiv>
            </TextLine>
            <TextLine id="r1l22" custom="readingOrder {index:21;}">
                <Coords points="73,2256 221,2181 411,2211 548,2157 826,2169 988,2129 1213,2163 1309,2135 1306,2081 1173,2044 766,2055 633,2118 317,2099 67,2163"/>
                <Baseline points="77,2189 138,2184 199,2180 260,2177 321,2171 383,2166 444,2162 505,2156 566,2151 627,2145 689,2141 750,2136 811,2132 872,2129 933,2126 995,2124 1056,2123 1117,2123 1178,2123 1239,2124 1301,2127"/>
                <TextEquiv>
                    <Unicode>agradecimjento, de la prosperidad, yri</Unicode>
                </TextEquiv>
            </TextLine>
            <TextLine id="r1l23" custom="readingOrder {index:22;}">
                <Coords points="86,2330 156,2282 359,2309 409,2262 478,2295 574,2246 850,2264 1145,2213 1276,2242 1277,2176 1036,2142 951,2178 523,2170 366,2223 243,2187 81,2256"/>
                <Baseline points="92,2291 154,2284 216,2278 278,2271 340,2266 402,2260 464,2253 526,2249 588,2243 650,2238 712,2234 774,2229 836,2226 898,2223 960,2221 1022,2219 1084,2217 1146,2216 1208,2216 1271,2216"/>
                <TextEquiv>
                    <Unicode>queza, que ya tenja: tenjendo enten</Unicode>
                </TextEquiv>
            </TextLine>
            <TextLine id="r1l24" custom="readingOrder {index:23;}">
                <Coords points="91,2400 613,2378 693,2335 888,2374 1028,2324 1252,2335 1262,2228 1147,2215 1022,2274 810,2248 727,2290 588,2257 419,2316 178,2297 88,2355"/>
                <Baseline points="98,2387 156,2380 214,2374 272,2367 330,2361 388,2354 446,2350 504,2344 562,2339 620,2335 678,2331 736,2327 794,2324 852,2321 910,2318 968,2316 1026,2315 1084,2313 1142,2313 1200,2313 1259,2313"/>
                <TextEquiv>
                    <Unicode>dido, que este dios, se la auja dado. Y</Unicode>
                </TextEquiv>
            </TextLine>
            <TextLine id="r1l25" custom="readingOrder {index:24;}">
                <Coords points="75,2505 726,2430 1309,2429 1304,2348 1185,2373 1062,2327 961,2379 594,2368 538,2419 431,2391 71,2437"/>
                <Baseline points="81,2486 142,2478 203,2473 264,2466 325,2460 386,2454 447,2449 508,2443 569,2438 630,2433 691,2430 752,2427 813,2424 874,2421 935,2418 996,2415 1057,2414 1118,2413 1179,2412 1240,2412 1301,2412"/>
                <TextEquiv>
                    <Unicode>aeste proposito, hazia este combite: y enel,</Unicode>
                </TextEquiv>
            </TextLine>
            <TextLine id="r1l26" custom="readingOrder {index:25;}">
                <Coords points="88,2580 937,2509 1211,2542 1319,2526 1315,2441 470,2458 87,2549"/>
                <Baseline points="96,2574 156,2564 217,2553 278,2545 339,2537 399,2530 460,2525 521,2520 582,2516 642,2512 703,2510 764,2508 825,2506 885,2505 946,2504 1007,2504 1068,2504 1128,2504 1189,2504 1250,2505 1311,2505"/>
                <TextEquiv>
                    <Unicode>se hazian danças, y cantares, asu modo.</Unicode>
                </TextEquiv>
            </TextLine>
            <TextLine id="r1l27" custom="readingOrder {index:26;}">
                <Coords points="97,2660 458,2611 736,2638 937,2584 1141,2594 1199,2635 1321,2581 1318,2525 469,2525 95,2615"/>
                <Baseline points="105,2648 165,2639 225,2631 286,2624 346,2618 407,2612 467,2606 528,2602 588,2598 649,2594 709,2590 769,2588 830,2586 890,2585 951,2583 1011,2583 1072,2583 1132,2583 1193,2585 1253,2586 1314,2588"/>
                <TextEquiv>
                    <Unicode>a honrra, deste dios: porque le tuujesse</Unicode>
                </TextEquiv>
            </TextLine>
            <TextLine id="r1l28" custom="readingOrder {index:27;}">
                <Coords points="89,2766 573,2691 687,2750 781,2683 1091,2669 1168,2718 1341,2682 1339,2637 936,2584 711,2646 557,2622 86,2687"/>
                <Baseline points="95,2726 156,2721 218,2717 280,2712 342,2707 404,2703 466,2698 527,2694 589,2689 651,2685 713,2682 775,2678 837,2675 899,2673 960,2672 1022,2670 1084,2670 1146,2670 1208,2672 1270,2675 1332,2678"/>
                <TextEquiv>
                    <Unicode>por agradecido: y gastaua todo, quan</Unicode>
                </TextEquiv>
            </TextLine>
            <TextLine id="r1l29" custom="readingOrder {index:28;}">
                <Coords points="89,2848 383,2801 512,2835 691,2771 1311,2768 1314,2697 747,2704 689,2750 518,2725 86,2782"/>
                <Baseline points="95,2814 155,2812 216,2808 277,2805 338,2801 398,2796 459,2791 520,2786 581,2782 641,2777 702,2773 763,2768 824,2764 884,2761 945,2758 1006,2756 1067,2754 1127,2754 1188,2754 1249,2756 1310,2759"/>
                <TextEquiv>
                    <Unicode>to tenja, y dezia. No se meda nada, de</Unicode>
                </TextEquiv>
            </TextLine>
            <TextLine id="r1l30" custom="readingOrder {index:29;}">
                <Coords points="76,2918 199,2940 389,2883 628,2912 879,2854 1155,2892 1291,2857 1289,2807 1009,2779 466,2845 383,2804 74,2874"/>
                <Baseline points="83,2909 143,2903 203,2898 263,2892 323,2888 383,2882 443,2877 503,2873 563,2869 623,2865 683,2862 743,2859 803,2856 863,2854 923,2852 983,2851 1043,2850 1103,2850 1163,2850 1223,2850 1283,2852"/>
                <TextEquiv>
                    <Unicode>no quedar con nada, contalque, que</Unicode>
                </TextEquiv>
            </TextLine>
            <TextLine id="r1l31" custom="readingOrder {index:30;}">
                <Coords points="79,3045 270,3040 462,2969 612,3000 768,2960 825,3001 869,2963 971,2990 1150,2953 1217,2995 1325,2976 1321,2877 1251,2852 1196,2901 984,2902 877,2857 773,2909 397,2906 76,2967"/>
                <Baseline points="86,3006 147,3001 209,2994 270,2988 332,2984 393,2977 455,2973 516,2969 578,2965 639,2961 701,2958 762,2955 824,2954 885,2951 947,2951 1008,2949 1070,2949 1131,2951 1193,2951 1254,2953 1316,2955"/>
                <TextEquiv>
                    <Unicode>sea mj dios serujdo, desta fiesta. Y si</Unicode>
                </TextEquiv>
            </TextLine>
            <TextLine id="r1l32" custom="readingOrder {index:31;}">
                <Coords points="83,3106 237,3134 578,3061 1035,3078 1276,3042 1275,2990 923,2971 806,3020 465,2972 322,3044 79,3044"/>
                <Baseline points="90,3101 152,3094 214,3087 276,3082 338,3075 400,3071 462,3066 524,3061 586,3057 648,3053 710,3050 772,3047 834,3044 896,3042 958,3041 1020,3039 1082,3039 1144,3039 1206,3039 1269,3039"/>
                <TextEquiv>
                    <Unicode>me quisiere dar mas, o dexarme sin</Unicode>
                </TextEquiv>
            </TextLine>
            <TextLine id="r1l33" custom="readingOrder {index:32;}">
                <Coords points="85,3200 384,3157 640,3186 756,3147 879,3192 946,3145 1316,3154 1312,3048 1168,3050 1089,3106 815,3060 570,3117 82,3132"/>
                <Baseline points="93,3194 153,3185 214,3177 275,3169 336,3163 396,3158 457,3152 518,3149 579,3144 639,3142 700,3140 761,3137 822,3136 882,3135 943,3135 1004,3135 1065,3135 1125,3137 1186,3138 1247,3140 1308,3141"/>
                <TextEquiv>
                    <Unicode>nada: hagase, como el qujsiere. dicho</Unicode>
                </TextEquiv>
            </TextLine>
            <TextLine id="r1l34" custom="readingOrder {index:33;}">
                <Coords points="95,3289 225,3310 381,3252 916,3224 1264,3265 1259,3174 1166,3147 92,3236"/>
                <Baseline points="102,3287 159,3277 217,3269 274,3263 332,3257 389,3252 447,3248 504,3243 562,3240 619,3236 677,3233 735,3231 792,3230 850,3228 907,3227 965,3225 1022,3225 1080,3224 1137,3222 1195,3222 1253,3221"/>
                <TextEquiv>
                    <Unicode>esto, cuorja con vna manta blanca,</Unicode>
                </TextEquiv>
            </TextLine>
            <TextLine id="r1l35" custom="readingOrder {index:34;}">
                <Coords points="94,3382 196,3407 264,3361 336,3397 424,3349 539,3380 664,3327 837,3380 926,3318 1218,3363 1316,3339 1313,3273 649,3239 526,3303 91,3324"/>
                <Baseline points="102,3378 162,3371 222,3365 282,3357 343,3351 403,3346 463,3341 524,3335 584,3330 644,3326 705,3323 765,3319 825,3317 885,3315 946,3315 1006,3315 1066,3315 1127,3317 1187,3321 1247,3324 1308,3329"/>
                <TextEquiv>
                    <Unicode>al que yua, por ymagen, deste dios,</Unicode>
                </TextEquiv>
            </TextLine>
            <TextLine id="r1l36" custom="readingOrder {index:35;}">
                <Coords points="74,3527 265,3460 567,3477 648,3426 1287,3434 1288,3342 1173,3384 824,3333 629,3387 387,3369 350,3405 253,3367 163,3427 69,3412"/>
                <Baseline points="78,3464 138,3461 198,3456 258,3453 319,3447 379,3442 439,3437 500,3433 560,3429 620,3424 681,3419 741,3417 801,3414 861,3411 922,3411 982,3410 1042,3411 1103,3413 1163,3417 1223,3421 1284,3428"/>
                <TextEquiv>
                    <Unicode>y assi se yua, para su templo, con los</Unicode>
                </TextEquiv>
            </TextLine>
            <TextLine id="r1l37" custom="readingOrder {index:36;}">
                <Coords points="92,3612 233,3548 328,3591 427,3543 599,3575 808,3511 1293,3533 1289,3444 1037,3415 810,3473 714,3447 667,3488 281,3482 89,3526"/>
                <Baseline points="98,3563 157,3558 216,3553 275,3548 335,3544 394,3539 453,3534 513,3529 572,3525 631,3522 691,3518 750,3515 809,3513 868,3511 928,3510 987,3510 1046,3510 1106,3512 1165,3513 1224,3516 1284,3522"/>
                <TextEquiv>
                    <Unicode>que aujan venjdo conel. Ydo el, co</Unicode>
                </TextEquiv>
            </TextLine>
            <TextLine id="r1l38" custom="readingOrder {index:37;}">
                <Coords points="95,3689 216,3641 385,3681 495,3624 860,3603 1286,3657 1299,3573 949,3514 750,3576 406,3554 92,3611"/>
                <Baseline points="101,3653 160,3648 220,3641 279,3637 339,3631 399,3627 458,3623 518,3620 577,3616 637,3613 697,3610 756,3608 816,3606 875,3606 935,3605 995,3606 1054,3606 1114,3608 1173,3610 1233,3614 1293,3617"/>
                <TextEquiv>
                    <Unicode>mjan: el que hazia, combite, y los pa</Unicode>
                </TextEquiv>
            </TextLine>
            <TextLine id="r1l39" custom="readingOrder {index:38;}">
                <Coords points="99,3759 599,3722 674,3762 814,3706 1165,3745 1262,3721 1261,3665 1029,3620 952,3651 554,3625 441,3707 305,3672 98,3708"/>
                <Baseline points="107,3746 164,3741 221,3736 279,3730 336,3726 393,3722 451,3718 508,3714 565,3711 623,3708 680,3707 737,3705 795,3704 852,3702 909,3702 967,3702 1024,3704 1081,3705 1139,3708 1196,3712 1254,3716"/>
                <TextEquiv>
                    <Unicode>rientes. Estos officiales, de hazer</Unicode>
                </TextEquiv>
            </TextLine>
            <TextLine id="r1l40" custom="readingOrder {index:39;}">
                <Coords points="83,3882 207,3832 393,3873 483,3816 916,3856 1036,3800 1212,3839 1295,3806 1255,3748 902,3729 665,3766 456,3728 407,3771 81,3798"/>
                <Baseline points="90,3846 149,3837 209,3828 269,3822 329,3816 389,3810 449,3807 508,3804 568,3801 628,3800 688,3798 748,3797 808,3797 868,3797 927,3798 987,3799 1047,3801 1107,3801 1167,3804 1227,3806 1287,3807"/>
                <TextEquiv>
                    <Unicode>petates, y otras cosas de juncia: te</Unicode>
                </TextEquiv>
            </TextLine>
            <TextLine id="r1l41" custom="readingOrder {index:40;}">
                <Coords points="79,3974 262,3910 333,3951 695,3888 858,3934 924,3898 1034,3936 1168,3903 1225,3939 1298,3917 1296,3846 552,3820 77,3910"/>
                <Baseline points="86,3933 146,3925 206,3918 266,3913 326,3908 386,3904 446,3900 507,3897 567,3896 627,3894 687,3893 747,3891 807,3891 867,3891 928,3891 988,3893 1048,3893 1108,3894 1168,3896 1228,3897 1289,3899"/>
                <TextEquiv>
                    <Unicode>njan, cujdado, de ataujar, y compo</Unicode>
                </TextEquiv>
            </TextLine>
            <TextLine id="r1l42" custom="readingOrder {index:41;}">
                <Coords points="87,4040 374,3996 584,4030 827,3979 1295,4005 1294,3954 1196,3918 828,3940 641,3900 86,3974"/>
                <Baseline points="95,4016 154,4011 214,4006 273,4001 333,3996 393,3993 452,3990 512,3987 571,3984 631,3983 691,3981 750,3980 810,3980 869,3980 929,3981 989,3982 1048,3984 1108,3986 1167,3989 1227,3992 1287,3996"/>
                <TextEquiv>
                    <Unicode>ner, y barrer, y limpiar, y sembrar</Unicode>
                </TextEquiv>
            </TextLine>
            <TextLine id="r1l43" custom="readingOrder {index:42;}">
                <Coords points="65,4153 245,4090 345,4113 541,4071 626,4115 824,4061 1281,4150 1279,4041 1185,4002 836,3994 772,4034 719,3988 584,4030 505,3997 223,4057 64,4038"/>
                <Baseline points="72,4100 132,4095 192,4090 252,4085 312,4082 372,4077 432,4073 492,4071 552,4068 612,4067 672,4065 732,4064 792,4064 852,4064 912,4065 972,4067 1032,4070 1092,4072 1152,4077 1212,4082 1272,4088"/>
                <TextEquiv>
                    <Unicode>juncia: enel templo, deste dios. Tenj</Unicode>
                </TextEquiv>
            </TextLine>
            <TextEquiv>
                <Unicode>libro. 1. 
ta dicho: ponjanle enla mano, vn vaso ver
de, lleno de agua: y con vn ramo de salze,
rociaua atodos, con aquella agua: como
qujen hecha agua bendita. Y quando
entre año, alguno destos, deste officio: que
ria, por su deuocion, hazer fiesta aeste
dios, daua relacion dello, asus satrapas.
y todos ellos, lleuauan avn satrapa, vesti
do con los ornamentos, deste dios: como
su ymagen. Y por donde yua, yua he
chando el agua: rociando, alos que esta
uan, por donde passavan: con vn ramo
de salze, como qujen hecha agua ben
dita. Llegado, ponjanle, ensu lugar
y hazian algunas cerjmonjas, ensu pre
sencia: rogandole, que hiziesse merce
des, en aquella casa. El que hazia
esta fiesta, daua de comer, y de beuer
al dios, y alos que conel yuan: y atodos
los que auja combidado. Esto hazia en
agradecimjento, de la prosperidad, yri
queza, que ya tenja: tenjendo enten
dido, que este dios, se la auja dado. Y
aeste proposito, hazia este combite: y enel,
se hazian danças, y cantares, asu modo.
a honrra, deste dios: porque le tuujesse
por agradecido: y gastaua todo, quan
to tenja, y dezia. No se meda nada, de
no quedar con nada, contalque, que
sea mj dios serujdo, desta fiesta. Y si
me quisiere dar mas, o dexarme sin
nada: hagase, como el qujsiere. dicho
esto, cuorja con vna manta blanca,
al que yua, por ymagen, deste dios,
y assi se yua, para su templo, con los
que aujan venjdo conel. Ydo el, co
mjan: el que hazia, combite, y los pa
rientes. Estos officiales, de hazer
petates, y otras cosas de juncia: te
njan, cujdado, de ataujar, y compo
ner, y barrer, y limpiar, y sembrar
juncia: enel templo, deste dios. Tenj</Unicode>
            </TextEquiv>
        </TextRegion>
        <TextRegion orientation="0.0" id="r2" custom="readingOrder {index:1;}">
            <Coords points="1356,158 1356,4138 2636,4138 2636,158"/>
            <TextLine id="r2l1" custom="readingOrder {index:0;}">
                <Coords points="1496,259 1701,267 1808,236 1891,275 1922,254 1964,270 2148,242 2144,104 2024,134 1962,114 1806,138 1611,122 1494,197"/>
                <Baseline points="1503,246 1534,243 1566,242 1598,240 1630,239 1662,237 1693,236 1725,236 1757,234 1789,234 1821,233 1852,233 1884,232 1916,231 1948,230 1980,230 2011,228 2043,227 2075,225 2107,224 2139,221"/>
                <TextEquiv>
                    <Unicode>de los dioses:</Unicode>
                </TextEquiv>
            </TextLine>
            <TextLine id="r2l2" custom="readingOrder {index:1;}">
                <Coords points="1349,453 1533,484 2183,437 2428,465 2512,414 2511,328 1347,341"/>
                <Baseline points="1356,434 1413,431 1470,429 1528,426 1585,423 1643,422 1700,419 1758,418 1815,416 1873,414 1930,413 1987,413 2045,411 2102,411 2160,411 2217,411 2275,411 2332,411 2390,413 2447,413 2505,414"/>
                <TextEquiv>
                    <Unicode>itztoli, xomali: yoan yn jquac</Unicode>
                </TextEquiv>
            </TextLine>
            <TextLine id="r2l3" custom="readingOrder {index:2;}">
                <Coords points="1358,605 1749,599 1917,538 2189,527 2282,571 2341,534 2575,545 2551,465 1355,470"/>
                <Baseline points="1364,570 1424,564 1484,558 1544,552 1604,548 1664,543 1724,540 1785,536 1845,533 1905,531 1965,530 2025,528 2085,528 2145,528 2206,528 2266,528 2326,530 2386,531 2446,534 2506,537 2567,540"/>
                <TextEquiv>
                    <Unicode>ilhujuhqujçaia, iuh mjtoa, te</Unicode>
                </TextEquiv>
            </TextLine>
            <TextLine id="r2l4" custom="readingOrder {index:3;}">
                <Coords points="1354,736 1496,682 1800,666 2597,698 2594,552 2470,605 2131,570 2082,604 1893,546 1832,600 1352,623"/>
                <Baseline points="1361,680 1422,676 1483,672 1545,668 1606,665 1667,661 1729,657 1790,655 1851,653 1913,650 1974,648 2035,647 2097,645 2158,645 2219,645 2281,645 2342,647 2403,648 2465,651 2526,654 2588,657"/>
                <TextEquiv>
                    <Unicode>papaca, tealtia, tepan qujtze</Unicode>
                </TextEquiv>
            </TextLine>
            <TextLine id="r2l5" custom="readingOrder {index:4;}">
                <Coords points="1361,838 1785,797 2467,824 2618,774 2616,722 2473,677 2031,688 1916,742 1749,680 1649,744 1514,714 1358,754"/>
                <Baseline points="1368,819 1430,813 1492,807 1554,801 1616,796 1678,791 1740,787 1802,783 1864,780 1926,779 1989,776 2051,774 2113,773 2175,773 2237,771 2299,771 2361,773 2423,773 2485,774 2547,776 2610,779"/>
                <TextEquiv>
                    <Unicode>tzeloa, tepan qujpixoa, yn aoa</Unicode>
                </TextEquiv>
            </TextLine>
            <TextLine id="r2l6" custom="readingOrder {index:5;}">
                <Coords points="1362,960 1835,968 1930,905 2485,930 2481,845 2358,811 2101,804 1948,845 1755,819 1648,863 1356,835"/>
                <Baseline points="1368,941 1423,939 1478,935 1534,933 1589,929 1644,926 1700,923 1755,918 1810,915 1866,911 1921,908 1976,905 2032,902 2087,900 2142,897 2198,897 2253,896 2308,896 2364,897 2419,899 2475,902"/>
                <TextEquiv>
                    <Unicode>chtli, cenca tlaihtlanjliloia.</Unicode>
                </TextEquiv>
            </TextLine>
            <TextLine id="r2l7" custom="readingOrder {index:6;}">
                <Coords points="1361,1113 2460,1127 2603,1066 2601,994 2036,954 1802,995 1488,975 1359,1054"/>
                <Baseline points="1368,1098 1429,1089 1490,1081 1552,1073 1613,1068 1674,1063 1736,1059 1797,1056 1858,1053 1920,1052 1981,1050 2042,1050 2104,1050 2165,1050 2226,1050 2288,1052 2349,1052 2410,1053 2472,1055 2533,1056 2595,1056"/>
                <TextEquiv>
                    <Unicode>Auh no ce tlacatl, ipan qujxe</Unicode>
                </TextEquiv>
            </TextLine>
            <TextLine id="r2l8" custom="readingOrder {index:7;}">
                <Coords points="1370,1279 1590,1273 1713,1217 1991,1269 2180,1221 2570,1216 2547,1145 2239,1110 2025,1143 1740,1112 1547,1156 1366,1133"/>
                <Baseline points="1377,1239 1436,1233 1495,1227 1554,1223 1614,1220 1673,1215 1732,1213 1791,1211 1851,1209 1910,1208 1969,1206 2028,1205 2088,1205 2147,1203 2206,1203 2265,1202 2325,1202 2384,1202 2443,1200 2502,1199 2562,1197"/>
                <TextEquiv>
                    <Unicode>oaia, tlaçotli, in qujmictiaia</Unicode>
                </TextEquiv>
            </TextLine>
            <TextLine id="r2l9" custom="readingOrder {index:8;}">
                <Coords points="1379,1412 1564,1343 1791,1345 1851,1395 2073,1343 2355,1348 2490,1393 2544,1384 2540,1239 2443,1285 2203,1248 1952,1292 1375,1272"/>
                <Baseline points="1386,1361 1443,1356 1500,1352 1558,1347 1615,1344 1673,1342 1730,1340 1787,1337 1845,1335 1902,1334 1960,1332 2017,1331 2074,1331 2132,1329 2189,1329 2247,1329 2304,1328 2361,1328 2419,1328 2476,1328 2534,1328"/>
                <TextEquiv>
                    <Unicode>cexiuhtica: qujchichioaia, y</Unicode>
                </TextEquiv>
            </TextLine>
            <TextLine id="r2l10" custom="readingOrder {index:9;}">
                <Coords points="1376,1497 1957,1496 2039,1460 2165,1510 2553,1509 2564,1381 2286,1367 2180,1432 2092,1372 1941,1362 1797,1409 1376,1416"/>
                <Baseline points="1383,1475 1441,1469 1500,1466 1558,1461 1617,1458 1676,1456 1734,1454 1793,1452 1852,1452 1910,1451 1969,1452 2028,1452 2086,1453 2145,1455 2204,1457 2262,1458 2321,1461 2380,1463 2438,1465 2497,1468 2556,1470"/>
                <TextEquiv>
                    <Unicode>mac mantinenca, xoxoujc,</Unicode>
                </TextEquiv>
            </TextLine>
            <TextLine id="r2l11" custom="readingOrder {index:10;}">
                <Coords points="1363,1608 2540,1596 2540,1539 2464,1511 2262,1533 2001,1487 1878,1515 1824,1479 1720,1515 1656,1479 1363,1506"/>
                <Baseline points="1370,1598 1428,1592 1486,1587 1544,1583 1602,1580 1660,1578 1718,1577 1776,1575 1834,1575 1892,1575 1951,1575 2009,1577 2067,1578 2125,1578 2183,1580 2241,1581 2299,1583 2357,1584 2415,1586 2473,1587 2532,1587"/>
                <TextEquiv>
                    <Unicode>xoxouhquj xicalli: vnean ie</Unicode>
                </TextEquiv>
            </TextLine>
            <TextLine id="r2l12" custom="readingOrder {index:11;}">
                <Coords points="1363,1720 1454,1770 1558,1706 1633,1745 2195,1701 2607,1773 2618,1611 2390,1600 2255,1670 1812,1608 1363,1666"/>
                <Baseline points="1371,1719 1436,1715 1501,1710 1566,1707 1631,1705 1697,1703 1762,1701 1827,1701 1892,1701 1957,1701 2023,1701 2088,1703 2153,1703 2218,1704 2283,1706 2349,1707 2414,1709 2479,1710 2544,1712 2610,1712"/>
                <TextEquiv>
                    <Unicode>tinemj atl, vexotica ic teatzel</Unicode>
                </TextEquiv>
            </TextLine>
            <TextLine id="r2l13" custom="readingOrder {index:12;}">
                <Coords points="1354,1879 1664,1830 1807,1874 2033,1876 2101,1835 2449,1880 2534,1836 2534,1754 2361,1781 2164,1728 1945,1765 1740,1736 1628,1744 1537,1809 1353,1721"/>
                <Baseline points="1361,1853 1419,1847 1477,1842 1535,1838 1594,1835 1652,1833 1710,1830 1768,1829 1827,1828 1885,1827 1943,1827 2001,1827 2060,1829 2118,1829 2176,1830 2234,1832 2293,1833 2351,1835 2409,1838 2467,1839 2526,1841"/>
                <TextEquiv>
                    <Unicode>hvia. Auh yn jquac amo il</Unicode>
                </TextEquiv>
            </TextLine>
            <TextLine id="r2l14" custom="readingOrder {index:13;}">
                <Coords points="1366,2007 1492,2026 1608,1984 1685,2022 1777,1973 2598,2004 2596,1897 2402,1861 2279,1892 2217,1851 2100,1885 1688,1861 1532,1929 1422,1888 1364,1918"/>
                <Baseline points="1373,1994 1433,1989 1494,1984 1555,1980 1616,1977 1677,1974 1737,1971 1798,1969 1859,1967 1920,1965 1981,1964 2041,1964 2102,1962 2163,1962 2224,1962 2285,1962 2345,1962 2406,1962 2467,1962 2528,1962 2589,1964"/>
                <TextEquiv>
                    <Unicode>hujuh, yncan nenmajan: oc</Unicode>
                </TextEquiv>
            </TextLine>
            <TextLine id="r2l15" custom="readingOrder {index:14;}">
                <Coords points="1387,2169 1755,2186 1852,2111 2053,2105 2633,2142 2631,2011 2343,2068 1588,2006 1385,2076"/>
                <Baseline points="1395,2129 1456,2125 1518,2121 1579,2118 1641,2115 1702,2113 1764,2111 1825,2109 1887,2108 1948,2105 2010,2103 2071,2103 2133,2102 2194,2102 2256,2100 2317,2100 2379,2100 2440,2100 2502,2102 2563,2102 2625,2103"/>
                <TextEquiv>
                    <Unicode>no ce qujxiptlaiotiaia, qujchi</Unicode>
                </TextEquiv>
            </TextLine>
            <TextLine id="r2l16" custom="readingOrder {index:15;}">
                <Coords points="1384,2270 2604,2316 2603,2168 2446,2151 1955,2192 1475,2170 1384,2211"/>
                <Baseline points="1391,2256 1451,2253 1511,2251 1571,2249 1631,2247 1692,2246 1752,2244 1812,2243 1872,2243 1932,2241 1993,2241 2053,2241 2113,2241 2173,2241 2233,2241 2294,2241 2354,2242 2414,2243 2474,2243 2534,2244 2595,2244"/>
                <TextEquiv>
                    <Unicode>chioaia: yn jquac tla aca, pe</Unicode>
                </TextEquiv>
            </TextLine>
            <TextLine id="r2l17" custom="readingOrder {index:16;}">
                <Coords points="1390,2430 2294,2470 2388,2397 2608,2437 2607,2324 2249,2307 2139,2341 1760,2293 1389,2348"/>
                <Baseline points="1397,2408 1457,2405 1517,2402 1577,2399 1637,2397 1697,2396 1757,2394 1818,2394 1878,2393 1938,2393 1998,2393 2058,2392 2118,2391 2178,2391 2239,2391 2299,2391 2359,2391 2419,2391 2479,2391 2539,2391 2600,2390"/>
                <TextEquiv>
                    <Unicode>tlachiuhquj qujnequj ychan</Unicode>
                </TextEquiv>
            </TextLine>
            <TextLine id="r2l18" custom="readingOrder {index:17;}">
                <Coords points="1387,2612 1564,2539 1742,2590 2306,2547 2574,2590 2625,2571 2622,2445 1383,2471"/>
                <Baseline points="1394,2550 1455,2547 1516,2544 1577,2542 1638,2540 1699,2538 1760,2537 1821,2535 1882,2534 1943,2532 2005,2531 2066,2531 2127,2529 2188,2528 2249,2526 2310,2525 2371,2523 2432,2522 2493,2519 2554,2517 2616,2514"/>
                <TextEquiv>
                    <Unicode>qujtotiz, qujnepieltiz: vmpa</Unicode>
                </TextEquiv>
            </TextLine>
            <TextLine id="r2l19" custom="readingOrder {index:18;}">
                <Coords points="1384,2760 1803,2703 2071,2759 2333,2741 2407,2687 2612,2688 2610,2576 2477,2618 2149,2576 1982,2646 1739,2611 1382,2639"/>
                <Baseline points="1391,2714 1451,2710 1512,2707 1572,2703 1633,2700 1694,2698 1754,2696 1815,2694 1876,2693 1936,2691 1997,2691 2058,2691 2118,2690 2179,2690 2240,2690 2300,2690 2361,2690 2422,2690 2482,2690 2543,2690 2604,2688"/>
                <TextEquiv>
                    <Unicode>qujvicaia, in calpuleque, tea</Unicode>
                </TextEquiv>
            </TextLine>
            <TextLine id="r2l20" custom="readingOrder {index:19;}">
                <Coords points="1387,2906 1708,2905 1846,2819 1911,2861 2291,2837 2623,2880 2642,2745 2302,2781 2214,2737 1745,2759 1643,2713 1384,2805"/>
                <Baseline points="1394,2861 1456,2858 1518,2854 1580,2851 1642,2849 1704,2846 1766,2844 1828,2842 1890,2840 1952,2838 2015,2838 2077,2837 2139,2835 2201,2835 2263,2834 2325,2832 2387,2832 2449,2831 2511,2829 2573,2828 2636,2826"/>
                <TextEquiv>
                    <Unicode>tzelhujtiuh teaoachvitiuh, iuh</Unicode>
                </TextEquiv>
            </TextLine>
            <TextLine id="r2l21" custom="readingOrder {index:20;}">
                <Coords points="1388,3059 1600,2993 1698,3048 1869,2998 1975,3044 2022,3013 2540,3032 2537,2923 2169,2928 2085,2893 2046,2930 1904,2901 1841,2937 1483,2908 1384,2941"/>
                <Baseline points="1394,3017 1450,3011 1507,3006 1564,3003 1621,2999 1678,2997 1735,2994 1791,2991 1848,2989 1905,2987 1962,2985 2019,2984 2076,2984 2133,2982 2189,2982 2246,2981 2303,2981 2360,2981 2417,2981 2474,2981 2531,2981"/>
                <TextEquiv>
                    <Unicode>qujn ic qujtlanjliaia, ynjc</Unicode>
                </TextEquiv>
            </TextLine>
            <TextLine id="r2l22" custom="readingOrder {index:21;}">
                <Coords points="1396,3218 1526,3172 1968,3199 2129,3122 2394,3163 2607,3132 2603,3044 2453,3053 2392,3013 2254,3054 1832,3024 1737,3084 1460,3110 1390,3079"/>
                <Baseline points="1401,3167 1460,3160 1520,3153 1580,3147 1640,3141 1700,3137 1760,3133 1819,3129 1879,3126 1939,3123 1999,3121 2059,3120 2119,3117 2179,3116 2238,3116 2298,3114 2358,3113 2418,3113 2478,3111 2538,3110 2598,3110"/>
                <TextEquiv>
                    <Unicode>qujmicneliz. Yoan iuhqujn</Unicode>
                </TextEquiv>
            </TextLine>
            <TextLine id="r2l23" custom="readingOrder {index:22;}">
                <Coords points="1383,3361 1506,3301 1809,3326 2139,3259 2587,3326 2591,3156 2325,3160 2258,3209 2192,3160 2000,3214 1438,3201 1377,3237"/>
                <Baseline points="1389,3315 1449,3308 1509,3304 1569,3298 1629,3292 1689,3288 1749,3283 1809,3279 1869,3275 1929,3271 1989,3267 2049,3264 2109,3262 2169,3260 2229,3258 2289,3258 2349,3257 2409,3258 2469,3260 2529,3261 2589,3264"/>
                <TextEquiv>
                    <Unicode>yvic mocujtlaxculixtlaoaia:</Unicode>
                </TextEquiv>
            </TextLine>
            <TextLine id="r2l24" custom="readingOrder {index:23;}">
                <Coords points="1369,3513 1474,3453 1627,3482 1872,3412 2232,3398 2509,3478 2613,3429 2608,3325 2564,3311 2409,3352 2050,3307 1981,3355 1364,3389"/>
                <Baseline points="1374,3452 1435,3447 1497,3444 1558,3439 1620,3434 1681,3429 1743,3424 1804,3420 1866,3416 1927,3411 1989,3408 2050,3405 2112,3401 2173,3399 2235,3398 2296,3398 2358,3398 2419,3399 2481,3402 2542,3405 2604,3411"/>
                <TextEquiv>
                    <Unicode>yn açaca ie vnca itlatquj, y</Unicode>
                </TextEquiv>
            </TextLine>
            <TextLine id="r2l25" custom="readingOrder {index:24;}">
                <Coords points="1385,3599 1554,3576 1674,3619 1879,3541 2010,3615 2121,3543 2598,3554 2594,3464 2548,3490 2370,3431 2306,3488 1917,3464 1494,3535 1381,3509"/>
                <Baseline points="1392,3594 1451,3587 1511,3580 1571,3574 1631,3568 1691,3562 1751,3556 1810,3551 1870,3546 1930,3542 1990,3537 2050,3534 2110,3533 2170,3531 2229,3531 2289,3531 2349,3531 2409,3534 2469,3537 2529,3541 2589,3546"/>
                <TextEquiv>
                    <Unicode>axca: qujtoaia, macamo njc</Unicode>
                </TextEquiv>
            </TextLine>
            <TextLine id="r2l26" custom="readingOrder {index:25;}">
                <Coords points="1386,3762 1502,3779 1629,3709 2020,3667 2253,3713 2319,3670 2585,3730 2579,3609 2540,3605 2220,3637 1925,3583 1579,3612 1382,3675"/>
                <Baseline points="1392,3725 1451,3717 1510,3710 1569,3704 1628,3698 1687,3693 1746,3687 1805,3683 1864,3680 1923,3676 1983,3674 2042,3671 2101,3669 2160,3668 2219,3666 2278,3665 2337,3665 2396,3665 2455,3665 2514,3666 2574,3666"/>
                <TextEquiv>
                    <Unicode>nenqua, macamo njcnenpo</Unicode>
                </TextEquiv>
            </TextLine>
            <TextLine id="r2l27" custom="readingOrder {index:26;}">
                <Coords points="1360,3873 2072,3866 2332,3805 2475,3853 2609,3806 2606,3727 2080,3741 2018,3709 1932,3756 1498,3798 1437,3760 1358,3821"/>
                <Baseline points="1368,3864 1429,3853 1491,3844 1552,3836 1614,3829 1676,3822 1737,3818 1799,3813 1861,3809 1922,3807 1984,3804 2046,3803 2107,3801 2169,3800 2231,3800 2292,3798 2354,3798 2416,3797 2477,3797 2539,3795 2601,3795"/>
                <TextEquiv>
                    <Unicode>lo, macamo njcnixcauj, yn</Unicode>
                </TextEquiv>
            </TextLine>
            <TextLine id="r2l28" custom="readingOrder {index:27;}">
                <Coords points="1380,4044 1539,3981 2004,3936 2166,3987 2620,3984 2615,3879 2465,3894 2399,3851 2271,3898 1939,3854 1824,3895 1372,3875"/>
                <Baseline points="1386,4011 1447,3997 1508,3984 1569,3975 1630,3966 1692,3959 1753,3953 1814,3949 1875,3947 1936,3944 1998,3942 2059,3941 2120,3941 2181,3941 2242,3941 2304,3941 2365,3941 2426,3939 2487,3938 2548,3936 2610,3933"/>
                <TextEquiv>
                    <Unicode>nocneliloca: ma onqualo, ma</Unicode>
                </TextEquiv>
            </TextLine>
            <TextLine id="r2l29" custom="readingOrder {index:28;}">
                <Coords points="1385,4134 1799,4088 1894,4126 2029,4081 2507,4088 2606,4068 2605,4000 2330,4014 2099,3969 1994,4021 1383,4055"/>
                <Baseline points="1392,4113 1452,4104 1512,4098 1572,4092 1633,4086 1693,4083 1753,4080 1814,4077 1874,4076 1934,4076 1995,4074 2055,4074 2115,4074 2175,4074 2236,4074 2296,4074 2356,4074 2417,4074 2477,4073 2537,4071 2598,4068"/>
                <TextEquiv>
                    <Unicode>onjoa, ma onpopoliuj, maic on</Unicode>
                </TextEquiv>
            </TextLine>
            <TextEquiv>
                <Unicode>de los dioses:
itztoli, xomali: yoan yn jquac
ilhujuhqujçaia, iuh mjtoa, te
papaca, tealtia, tepan qujtze
tzeloa, tepan qujpixoa, yn aoa
chtli, cenca tlaihtlanjliloia.
Auh no ce tlacatl, ipan qujxe
oaia, tlaçotli, in qujmictiaia
cexiuhtica: qujchichioaia, y
mac mantinenca, xoxoujc,
xoxouhquj xicalli: vnean ie
tinemj atl, vexotica ic teatzel
hvia. Auh yn jquac amo il
hujuh, yncan nenmajan: oc
no ce qujxiptlaiotiaia, qujchi
chioaia: yn jquac tla aca, pe
tlachiuhquj qujnequj ychan
qujtotiz, qujnepieltiz: vmpa
qujvicaia, in calpuleque, tea
tzelhujtiuh teaoachvitiuh, iuh
qujn ic qujtlanjliaia, ynjc
qujmicneliz. Yoan iuhqujn
yvic mocujtlaxculixtlaoaia:
yn açaca ie vnca itlatquj, y
axca: qujtoaia, macamo njc
nenqua, macamo njcnenpo
lo, macamo njcnixcauj, yn
nocneliloca: ma onqualo, ma
onjoa, ma onpopoliuj, maic on</Unicode>
            </TextEquiv>
        </TextRegion>
    </Page>
</PcGts>
