1942 2738
353 -5 640 113 libro. 1.
46 137 926 260 Este dios, del fuego, llamado xiuhtecutli,
56 223 916 325 tiene tambien, otros dos nombres: el vno,
50 304 929 403 es, ixcoçauhquj, que qujere dezir: caria
54 351 926 456 marillo. y el otro es, cueçaltzin, que quje
55 426 940 530 re dezir: llama de fuego. Tambien se lla
59 496 928 590 maua, veueteutl, que qujere dezir: el
62 551 951 673 dios antiguo: y todos le tenjan, por padre.
62 622 925 724 Considerando, los effectos que hazia: por
71 696 948 817 que quema, y la llama, enciende, y abra
75 777 939 884 sa. Estos son effectos, que causan temor:
62 829 929 952 otros effectos tiene: que causan amor, y
66 899 929 1014 reuerençia: como es, que calienta, a los
69 979 947 1104 que tienen frio: y gujsa las viandas, pa
79 1077 954 1169 ra comer: assando, y coziendo, y tostan
84 1121 929 1257 do, y friendo. El haze la sal, y la mjel
84 1200 952 1328 espessa, y el carbon, y la cal: y calienta
92 1280 949 1402 los baños, para bañarse: y haze el azey
84 1357 945 1477 te, que se llama Vxtil: conel se calienta,
71 1432 954 1550 la lexia, y agua: para lauar las ropas
91 1486 980 1630 suzias, y viejas, y se bueluen assi nueuas.
90 1572 970 1695 A este dios, se le hazia fiesta, cada año,
93 1640 939 1767 al fin del mes, que se llama Izcalli: y
91 1713 954 1842 asu ymagen, le ponjan, todas las vesti
96 1780 957 1926 duras, y ataujos, y plumajes, del prin
105 1854 972 1985 cipal señor, en tiempo de moteccuçuma:
95 1931 968 2040 hazianla a semejança de motecuçuma.
84 1991 989 2142 Y en tiempo, de los otros señores passados:
91 2052 951 2192 hazianle, la semejança, de cada vno de
95 2127 966 2259 llos: y puesto en su altar, o trono: desca
105 2199 953 2319 beçauan, en su presencia, muchas codor
108 2263 965 2404 nizes: derramauan la sangre dellas, de
101 2320 976 2456 lante del. Y tambien, ofrezianle copal,
101 2411 991 2524 como adios: y ofrezianle, vnos pastelejos,
102 2488 986 2620 que llaman, qujltamalli: hechos de ble
107 2573 1002 2682 dos. Y estos mjsmos, comjan por su honrra,
163 2628 991 2720 itodos los barrjos por su honrra, encada
1082 -12 1530 90 de los cioses.
981 99 1837 229 Xiuhtecutli: ixcoçauhquj, yoan
983 198 1870 316 cueçaltzin. Jehoatl motocaiotia in tletl,
991 285 1818 407 anoço veue teutl yoan tota: teutl
985 369 1866 500 ipan machoia: iehica, ca tetlatia,
983 444 1857 578 tepaloa, techichinoa, tlachinoa:
995 541 1833 688 yoan mjec tlamantli, ynjc tlac
1000 623 1837 757 nelia: ca ic nezcolo, ic tlapaoaxo,
991 704 1846 847 ic tlacuxitilo, ic tlaxco, ic iztatla
992 800 1829 932 tilo, ic necutlatilo, ic teculla
999 910 1845 1025 tilo, ic tenextlatilo, ic tlatetzo
996 993 1815 1123 ionjlo, yc tlatzoionjlo, ic tlatle
1003 1096 1861 1242 oatzalo, yc tetlecujlolo, ic temaz
1007 1198 1883 1327 callatilo, ic oxitlatilo, ic tlanex
1000 1294 1825 1419 tlatilo. Auh yn iquac ilhuj
1009 1407 1819 1551 qujxtililoia, cexiuhtica: ipan
1003 1519 1845 1643 itlamjan yzcalli: qujxiptlatia
998 1599 1866 1735 ia in motecuçuma, ixpan tla
1000 1698 1843 1828 cotonaloia, copaltemjlilo, oauh
1004 1797 1828 1951 qujltamalli nechivililoia, in
1020 1897 1851 2036 cecencalpan: achto ixpan quj
1015 1998 1889 2125 manjliaia in tletl, çatepan qua
1014 2102 1863 2218 loia. Auh yn jveveiooan, iuh
1021 2208 1864 2314 cemjlhujtl, in qujcujcatia, quj
1019 2301 1918 2434 teccizpichilia, qujteponacilhuja,
1029 2399 1878 2518 caiacachilhuja: auh aiac vel
1016 2484 1884 2598 cōmaçoaia in comalco, tetlaca
1030 2584 1895 2696 oaltiloia, ynjc amo aca motla
