2578 4116
553 7 1118 205 Libro. E
79 276 1331 422 ellos: los que nacian en estos dias, te
77 362 1347 500 njanlos por mal afortunados, njn
89 442 1345 593 gun signo los apircauan. Tres años
72 522 1349 665 arreo, hazian lo que arriba esta
76 649 1349 765 dicho, eneste mes y en esta fiesta
64 719 1338 871 pero alquarto año, hazian mu
73 840 1319 969 chas otras cosas, segun que se si
73 925 1332 1080 gue. Este quarto año, matauā
72 1001 1352 1139 muchos esclauos, como ymagines
76 1117 1349 1233 del dios del fuego, que llamauan
64 1189 1362 1333 Ixcoçauhquj, o xiuhtecutli: ycada
71 1301 1350 1438 vno dellos, yua con su muger, que
67 1385 1388 1537 tambien auja de morir. Este quar
64 1475 1349 1607 to año el vltimo dia, deste mes, en
69 1563 1336 1698 amanesciendo, lleuauan alos que
65 1666 1349 1798 aujan de morir al cu, donde los a
87 1766 1320 1912 rjan de matar: las mugeres que
84 1841 1325 1991 aujan de morir, lleuauan todos
70 1943 1329 2086 sus hatillos, y todas sus alhajas acu
49 2035 1296 2195 estas: y los hombres lo mjsmo, los
50 2113 1326 2283 papeles conque aujan de morir, no
72 2216 1335 2346 los lleuauan vestidos, mas lleuaua
76 2308 1325 2445 se los vno delante poestos en vna
90 2375 1337 2542 tripoda, que era vn globo, que te
89 2475 1342 2645 nja tres pies, sobre que estaua, se
91 2586 1338 2705 ria medio estado de alta esta tripo
87 2691 1343 2810 da sobre el globo: yuan compuestos
88 2745 1316 2946 estos papeles, y colgados: y vno lle
103 2841 1335 2991 uaua esta tripoda, delante, del mes
99 2933 1338 3085 mo esclauo, aqujen se los auiann de
107 3027 1343 3179 vestir: y llegando alcu, donac aujan
102 3116 1335 3249 de morir, componjanlos con sus pape
99 3193 1325 3355 les, en la forma del dios Jxcocauh
113 3276 1343 3446 quj, ansi alos hombres, como alas
130 3366 1338 3514 mugeres: y por su orden subian los
116 3443 1350 3601 al cu. Ilegados arriba dauan buel
143 3523 1368 3709 ta, por delante del taxon, donde
130 3617 1374 3797 los aujan de matar, y tornauanlos
139 3745 1353 3883 adescendir, por su orden: y lleua
135 3824 1404 3945 uan los al calpulco, y descomponjan
131 3892 1377 4042 los, de los papeles, y metian los en
1546 15 2465 193 de las cerimonjas,
1414 207 2541 414 mjequjntin in mjquja, in qca
1409 341 2517 513 ma amo mjequjnti. Auh nn
1407 443 2492 616 ie iuh muztla, mieoallas
1404 591 2504 758 vi Izcalli: i tlaaltilti, on
1395 680 2525 870 xalaquj, qujmonxalaquja
1417 834 2510 991 in vmpa tzommolco: in cioa
1419 917 2507 1133 muchi qujtquj, mjxqujch
1415 1069 2526 1247 in cioatlacquj: yoan moquj
1422 1184 2486 1356 chtin, muchi qujtquj mjx
1416 1279 2500 1522 qujch in tlatlatqujcmjuho
1429 1445 2504 1618 mjto cecnj): auh mj mama
1417 1528 2548 1748 tlatquj, muchi qujmjtqujlia
1438 1699 2511 1849 quauh tzontapaçoltica ieie
1424 1790 2524 1967 tiuh. Auh mo qujmonaxituj,
1436 1917 2514 2105 njman ie cc qujnchichioa, a
1432 2032 2511 2212 chichioalo, qujmonaaquja
1436 2161 2474 2317 mjxqujch imamatlatquj.
1445 2277 2529 2415 Auh montecencaoaloc: aua
1444 2408 2510 2559 mjc muchichioa, ivm mus
1450 2515 2521 2706 chichioa Iecoçauhquj: aca
1466 2654 2505 2814 i cioa, çan ienoiin mi
1450 2765 2521 2929 chichioa: njma ie ie tlaço
1463 2885 2511 3030 m tzommolco, tespantivi
1455 2992 2502 3150 auh in vmpan vetzito: nj
1459 3109 2513 3276 ma ieic qujoaliaoaloa tl
1461 3219 2507 3399 techcatl: njma ic nocep
1475 3361 2501 3478 va, o altemo, nomotacpa
1464 3483 2485 3630 tivitze. Auh motemoço nj
1467 3550 2536 3794 ma ie ic qujnvica in calpil
1468 3723 2520 3913 co, mecqujnxixitinja, ti
1476 3809 2536 4016 can mocencaltilia, vel qu
