2520 4092
285 68 805 249 dela fiesta:
61 288 1115 398 matzincatl: matauan muchas
67 366 1117 500 mugeres, a las quales llamaua
75 439 1097 573 eoatl in cue: y eran sus muge
65 523 1085 637 res de tlamatzincatl, y Izquj
69 632 1104 749 tecatl. Pambien aestas muge
69 723 1109 850 res, las componjan con sus pa
54 785 1106 928 peles: llegada la fiesta, que
74 878 1070 1007 era el vltimo dia deste mes,
55 956 1119 1100 dauan vna buelta, atodos los
60 1077 1109 1197 que aujan de morir: trayen
69 1150 1122 1294 dolos en procesion, por al rede
81 1240 1106 1391 dor del cu: passada, el medio
68 1334 1091 1484 dia, lleuauan los al cu, don
68 1449 1128 1569 de los aujan de motax, ytra
55 1513 1105 1676 yanlos en procesion, al rede
81 1617 1106 1777 dor del taxon, donde los a
81 1715 1117 1881 ujan de matar, y tornauā
83 1850 1091 1966 los adescendir abaxo, y lle
78 1917 1107 2063 uauan los ala casa del cal
77 2023 1119 2159 pulco: alli los hazian velar,
99 2111 1130 2263 toda la noche. Y ala media
104 2242 1149 2383 noche, delante del fuego, corta
110 2323 1135 2477 uan los los cabellos, de la coro
116 2425 1141 2569 tilia: luego los esclauos, que
107 2525 1141 2665 mauan sus hatos, que era v
99 2617 1159 2754 na vanderilla, de papel y su
101 2725 1141 2887 manta, y su mastle: y algu
106 2829 1154 2986 nos quemauan las sobras, de
81 2932 1131 3110 las canas de humo, y sus va
80 3057 1156 3216 sos, que tenjan para beuer, to
90 3163 1158 3317 do lo quemauan, alli enel cal
96 3264 1132 3445 pulco. Y las mugeros, tambi
84 3397 1155 3543 en quemauan, todos sus ha
82 3513 696 3659 tos, y sus alhajas
769 3536 1160 3657 su petaquj
81 3609 668 3771 lla, y sus husus,
733 3632 1148 3768 y la greda,
84 3738 1154 3909 conque hilauan, y los vasitos
1415 63 1851 235 quecholli.
2181 98 2297 236 fo.
1168 253 2297 422 i Jzqujtecatl, aço vmentin, a
1166 368 2314 539 noço omtin: iehoan qujmaltia
1161 476 2318 657 ia in tlachicque, ooan mteci
1170 617 2324 782 tlachique: mjque m, mjquja
1169 755 2333 890 iehoatl in Mixcoatl, yoan ma
1187 841 2347 1019 mjc cioatl, itoca: Jeoatl icue,
1180 954 2344 1114 canomextin, çan calpiceque
1199 1059 2398 1256 niqujnnextiaia: auh no iehoā
1181 1192 2375 1393 tin i cioa. Coatl icue: mjna
1184 1285 2377 1492 mjcoan tlamatzincatl, ynan
1185 1426 2357 1622 izqujtecatl: no iquac qujcuja
1198 1541 2407 1714 mj mamatlatquj. Auh moacic
1195 1651 2360 1826 i vel iquac ilhujtl, que cholli
1189 1778 2359 1967 mjctlamj cempoalli: vnca xa
1194 1875 2372 2053 lacoa, vnea xallaquj, i mjqujz
1195 1990 2372 2177 que: vmmotzcalo, in tonatiuh:
1187 2086 2376 2293 mecqujn viça, in vmpa mjqujz
1203 2212 2401 2405 que, qujmō iaoaloctitia incech
1193 2329 2372 2497 catl, mo tecpantivi: cueh mo
1205 2455 2379 2659 cōcaoaloto, njmaieic oaltemo:
1222 2584 2404 2762 aocmo vmpa vico in vmpaopi
1215 2697 2414 2867 eloia, ca vmpa qujn vivicam
1205 2799 2343 3001 t cacalpulco, ceigal in qujn
1205 2959 2372 3129 tocavia, qujnpia, qujnpipia
1226 3067 2395 3234 Auh in ie onaci, ioalnepātla:
1225 3173 2405 3377 njma reic tetzoncujva; auhmo
1226 3293 2380 3482 qujmotzoncujque, njmā ie ic
1230 3417 2413 3588 motlatlatlatilia: moqujchtli,
1245 3544 2374 3700 qujtlatia, mjpan, ajpan itil
1244 3677 2331 3814 ma, njdan maxtli, yna in
1235 3751 2436 3924 quezquj itlaçavil, yoa iratecō
2338 113 2459 219 i.
