2424 3644
1003 5 1508 183 delos agueros.
2200 107 2335 218 fo. 5.
147 142 1181 284 elos montes comarcanos. I quanda
1291 143 2307 335 iehoatl, ipan mjxeoaia, intezca
145 269 1207 373 oyangolpes: como dequjen hiendema
1291 299 2334 466 tlipuca: injc teca mocacaiaoaia,
127 323 1153 454 dero con nacta, lo qual denoche
117 434 1174 559 suena lexos: espantauan se deuquel.
1279 413 2389 613 teca maujltiaia, qujtoa. Inaqujn
130 511 1186 655 los golpes, y tomauan mal aguero:
1283 546 2294 726 qujttaia, in mjhiujntia, injiollo
127 580 1174 710 dezian. Que estos dolpos: eran illu
104 662 1151 814 sion de Tezcadliuca, conque: espan
1270 704 2323 863 qujmati, in amo momauhtianj,
124 772 1162 910 taua de nocte, yburiaua, alas que
1267 789 2326 971 in tonallapaliuj, vel ic momotla:
124 842 1150 978 andan denoche. Tquando esto oya
112 935 1159 1088 algun hombre anjmojo, y esforça
1268 941 2294 1120 qujmomaça, aiocmo qujçaoa, i
118 1035 1152 1187 do, y exexcitado en la guerra: no tiu
1254 1045 2281 1229 njc vel qujtiaz, qujtlacanotzaz,
106 1108 1129 1251 ya, mas antes seguja el soñjdo de
106 1213 1147 1346 los golpes: trasta, ner que cosa ert.
1257 1171 2267 1341 vel itech mopiloa, itech motla
89 1305 1137 1445 y quando via algun gulto de perso
1257 1295 2297 1520 paltilia, injc qujtoca: qujteputz
94 1405 1166 1510 na, corria atodo correr tras el: has
1259 1438 2324 1620 toca, qujtlalochtoca, ipampa injc
93 1502 1119 1607 ta asiile, y virque rosa era. Dize
88 1580 1132 1716 se: que: elque asia aesta fantasma,
1254 1550 2283 1749 vel caciz: qujtlaz, in quenamj ite:
86 1677 1147 1819 con dificultad podiaa ferrar con el
1243 1677 2298 1868 tzauh: mjuh conjtoa in aqujnvel
73 1761 1122 1898 ia, ali corrian gran rato, andado
1241 1808 2288 1974 cacia, in qujttaia: aiaxcan in vel
89 1853 1135 1953 ataçacapella de aca, paralla. Quā
80 1940 1117 2082 do ya sefingia cansaua la fantas
1232 1919 2305 2123 itech pachiuj: oc qujtotoca, noujā
67 2030 1162 2147 ma, esperaua alque la seguja: enton
1221 2090 2299 2277 qujnemjtia: noujan ca axitialquac
68 2116 1096 2249 ca parecia alquela seguja: que era
55 2214 1143 2344 vn hombre fin cabeça, tenia corta
1233 2213 2291 2407 inoqujciammjcti, çana otlicaquj
58 2311 1140 2443 do el pescueço, como vn tronca: y el
1225 2332 2285 2560 oalmuchieltia: auh in ie qujtta in
56 2398 1093 2536 pecho tenja le abierto: y tonja ca
56 2483 1101 2616 daparte como vna portezilla, que
1212 2461 2282 2672 ie qujtzticac, iuhqujntlacatl quech
46 2582 1092 2694 se abrian, y se cerrauan, iuntan,
1217 2608 2253 2785 cotonquj, quechcotoctic, quechte
52 2670 1098 2804 do se enel medio: y alcerrar, dezi
53 2745 1092 2881 an: que hazian aquellos golpes
1218 2721 2291 2935 pultic: ioan elchiqujuhtlapanquj,
50 2848 1102 2970 que se oyan lexos.l aquel, aqujen
1197 2833 2331 3035 ellapanquj: in juh conjtoa: qujlmach
28 2936 1082 3075 auja aparecido esta fantasma:
1194 2943 2226 3172 iehoatl, in caqujzti, ielchiqujuh:
33 3022 1105 3156 ora fuesse algun soldado valiente,
34 3104 1084 3259 o algun satrapa del templo anjmo
1198 3063 2257 3288 iuhqujnommonamjquj onmoca
20 3197 1071 3340 lo: en afiendola, y conociendo la
1195 3237 2297 3404 camapiquj, ommopipiquj, oneha
28 3301 1080 3467 por la abertura del pecho viala
1179 3320 2255 3561 chaquanj. Auh in iehoatl, in, y
