2400 3990
537 21 1045 208 Libro. 2.
95 252 1262 408 en aparejar estas cosas. Otro dia
95 372 1239 501 muy de mañana, que era la fies
87 481 1228 606 ta de Vitzilopuchtli: los satrapas
90 568 1252 736 ofrecian aeste mjsmo ydolo, flores,
102 688 1257 838 encienso, y comjda: y adornauan
100 811 1240 961 con guirnaldas, y sartales de flo
89 912 1252 1048 res. Aujendo compuesto esta es
94 1023 1247 1156 tatua, de vitzilopuchtli conflores,
112 1115 1237 1265 y aujendole presentado, muchas
104 1200 1228 1384 flores, muy artificiosamente he
111 1303 1223 1458 chas, y muy olorosas: hazian lo
99 1423 1230 1588 mjsmo atodas las estatuas, de
90 1531 1212 1680 todos los otros dioses, por todos
99 1650 1215 1818 los cues: y luego entodas las ca
93 1783 1223 1903 sas, de los señores, y principa
83 1869 1232 2024 les, aderecauan con flores alos
78 2007 1224 2171 ydolos, que cada vno tenja: y
85 2099 1232 2276 los presentauan otras flores, po
91 2214 1233 2400 njendo se las delante: y toda la
85 2317 1241 2509 otra gente popular, hazia lo mjs
87 2404 1230 2585 mo, en sus casas. Acabado de
89 2526 1230 2718 hazer lo dicho: luego comença
86 2648 1217 2833 uan acomer y beuer, en todas
66 2739 1213 2925 las casas de chicos, grandes, y
85 2862 1210 3043 medianos. Negando ala hora,
89 2991 1215 3131 del medio dia, luego comença
86 3094 1231 3248 uan vn areyto, muy pomposo
85 3201 1208 3368 enel patio, del mjsmo vitzilopu
74 3308 1257 3446 chtli: enel qual los mas valien
88 3440 1244 3594 tes hombres de la guerra, que se
74 3567 1215 3689 llamauan vnos, otomjn, otros
79 3662 1217 3824 quaquachicti, oujauan la dan
87 3741 1266 3918 ça y luego tras ellos, yuan otros
1461 55 2323 217 delas cerimonjas.
1318 241 2360 401 hujnemoa, iuhqujntlatlaci
1329 358 2336 509 uj, netetequjpacholo, injc
1310 475 2377 633 tlacencaoalo. Auh yn otlab
1324 573 2349 760 ujc in iehoantin teupix
1317 715 2314 847 que, njman ie ic qujtla
1306 808 2359 964 mamaca in vitzilopuchi
1306 923 2363 1103 tli, qujsuchicuzcatia, co
1306 1034 2325 1216 nicpasuchitia: yoan ix
1302 1152 2345 1335 pan qujtetequjlia, quj
1320 1284 2353 1446 tetecpanjlia, qujujujpa
1318 1417 2319 1572 na, qujtetecpiloa, in ix
1314 1532 2344 1704 qujch nepapan suchitl, in
1317 1663 2367 1821 tlaço suchitl, in manquj, in
1314 1783 2337 1940 tlamantli: njman ie ic te
1314 1921 2326 2062 suchimaco, cen vetzi in ix
1308 2053 2354 2199 qujchtin teteu, yn imixip
1307 2161 2357 2293 tlaoan teteu, tlatlacateculo
1302 2278 2359 2438 tesuchitilo, tesuchiapano,
1294 2384 2360 2539 teicpac suchitilo, in vncan
1288 2496 2353 2664 in teteupan: njman ie ic
1302 2612 2347 2772 cen vetzi in noujan calpan
1296 2743 2347 2891 in calpixque inchan, in ve
1296 2873 2369 3013 uei pipilti inchan: yoan in
1301 2981 2350 3145 tetelpuchcali, qujcentzacu
1294 3119 2404 3275 timanj, qujcentzacutimoma
1308 3234 2361 3381 na in techachan. Auh in
1291 3316 2360 3509 ie iuhquj yn otecencaoaloc
1288 3462 2403 3616 mec tlatlaqualo, haatliolo,
1289 3604 2346 3745 noujan tlatlaqualo, yilhuj
1306 3687 2365 3865 tlamacho. Auh ynoacic
