<?xml version="1.0" encoding="UTF-8" standalone="yes"?>
<PcGts xmlns="http://schema.primaresearch.org/PAGE/gts/pagecontent/2013-07-15" xmlns:xsi="http://www.w3.org/2001/XMLSchema-instance" xsi:schemaLocation="http://schema.primaresearch.org/PAGE/gts/pagecontent/2013-07-15 http://schema.primaresearch.org/PAGE/gts/pagecontent/2013-07-15/pagecontent.xsd">
    <Metadata>
        <Creator>prov=University of Rostock/Institute of Mathematics/CITlab|PLANET AI GmbH/Gundram Leifert/gundram.leifert@planet-ai.de:name=Florentine Codex(htr_id=24784)::::v=2.6.6
prov=University of Rostock/Institute of Mathematics/CITlab|PLANET AI GmbH/Tobias Gruening/tobias.gruening@planet-ai.de:name=de.uros.citlab.module.baseline2polygon.B2PSeamMultiOriented:v=2.6.6
prov=University of Rostock/Institute of Mathematics/CITlab|PLANET AI GmbH/Tobias Gruening/tobias.gruening@planet-ai.de:name=/net_tf/LA73_249_0mod360.pb:de.uros.citlab.segmentation.CITlab_LA_ML:v=2.6.6
Transkribus</Creator>
        <Created>2020-06-23T15:23:28.235-07:00</Created>
        <LastChange>2020-06-24T05:54:03.861+02:00</LastChange>
    </Metadata>
    <Page imageFilename="FC_Vol_1_95.png" imageWidth="2680" imageHeight="4084">
        <ReadingOrder>
            <OrderedGroup id="ro_1596736933446" caption="Regions reading order">
                <RegionRefIndexed index="0" regionRef="r1"/>
            </OrderedGroup>
        </ReadingOrder>
        <TextRegion orientation="0.0" id="r1" custom="readingOrder {index:0;}">
            <Coords points="92,148 92,3864 2555,3864 2555,148"/>
            <TextLine id="r1l1" custom="readingOrder {index:0;}">
                <Coords points="1623,199 1630,200 1641,197 1656,200 1670,118 1660,116 1655,109 1648,106 1639,105"/>
                <Baseline points="1632,192 1650,195"/>
                <TextEquiv>
                    <Unicode>f</Unicode>
                </TextEquiv>
            </TextLine>
            <TextLine id="r1l2" custom="readingOrder {index:1;}">
                <Coords points="2291,231 2330,235 2349,223 2400,216 2487,222 2510,203 2547,206 2544,143 2482,151 2466,138 2430,145 2411,132 2362,133 2346,121 2286,130"/>
                <Baseline points="2298,216 2324,212 2351,209 2378,208 2405,207 2432,205 2459,204 2486,204 2513,203 2540,201"/>
                <TextEquiv>
                    <Unicode>fo. 30.</Unicode>
                </TextEquiv>
            </TextLine>
            <TextLine id="r1l3" custom="readingOrder {index:2;}">
                <Coords points="1179,250 1202,249 1237,276 1313,222 1460,212 1512,230 1549,207 1541,76 1457,90 1417,124 1377,131 1310,133 1261,114 1171,122"/>
                <Baseline points="1184,219 1209,217 1235,216 1260,214 1286,212 1311,211 1337,209 1362,207 1388,207 1413,205 1439,203 1464,202 1490,200 1515,198 1541,197"/>
                <TextEquiv>
                    <Unicode>Apendiz</Unicode>
                </TextEquiv>
            </TextLine>
            <TextLine id="r1l4" custom="readingOrder {index:3;}">
                <Coords points="1362,352 2029,333 2471,373 2538,342 2539,257 1869,244 1775,278 1576,233 1363,266"/>
                <Baseline points="1370,317 1428,315 1486,312 1544,312 1602,312 1660,311 1718,311 1776,312 1834,312 1892,314 1950,314 2008,315 2066,317 2124,318 2182,318 2240,320 2298,320 2356,321 2414,321 2472,321 2531,321"/>
                <TextEquiv>
                    <Unicode>qujliztli, cenca vellaelittalonj, telchioalonj.</Unicode>
                </TextEquiv>
            </TextLine>
            <TextLine id="r1l5" custom="readingOrder {index:4;}">
                <Coords points="91,343 371,349 412,385 478,360 574,387 676,341 814,373 1010,363 1011,289 934,257 849,287 596,256 320,287 94,216"/>
                <Baseline points="99,317 144,320 189,323 234,326 279,327 324,329 369,330 415,332 460,333 505,335 550,335 595,336 640,336 685,336 731,336 776,337 821,338 866,338 911,338 956,338 1002,338"/>
                <TextEquiv>
                    <Unicode>vicio, muy en particular.</Unicode>
                </TextEquiv>
            </TextLine>
            <TextLine id="r1l6" custom="readingOrder {index:5;}">
                <Coords points="1360,463 2334,433 2399,478 2536,466 2536,376 2444,351 2083,385 1360,367"/>
                <Baseline points="1368,435 1426,430 1484,426 1542,423 1600,420 1658,417 1716,416 1774,414 1832,414 1890,414 1948,414 2006,414 2064,416 2122,417 2180,419 2238,420 2296,421 2354,422 2412,423 2470,425 2529,426"/>
                <TextEquiv>
                    <Unicode>A. Tlaxicmoçaqujtican, notlaçopilhoane,</Unicode>
                </TextEquiv>
            </TextLine>
            <TextLine id="r1l7" custom="readingOrder {index:6;}">
                <Coords points="84,446 769,446 933,503 975,469 1278,458 1279,398 1057,376 983,411 674,354 436,398 367,348 85,375"/>
                <Baseline points="92,432 154,435 216,438 278,441 340,443 402,444 464,447 526,449 588,449 650,450 712,450 774,452 836,452 898,452 960,452 1022,450 1084,450 1146,448 1208,446 1271,444"/>
                <TextEquiv>
                    <Unicode>A. La verdera lumbre, para cono</Unicode>
                </TextEquiv>
            </TextLine>
            <TextLine id="r1l8" custom="readingOrder {index:7;}">
                <Coords points="1360,567 1444,518 1671,504 1756,540 1851,496 2027,535 2230,499 2482,523 2503,450 1359,463"/>
                <Baseline points="1367,525 1423,518 1479,513 1536,509 1592,505 1649,503 1705,500 1762,498 1818,497 1875,497 1931,497 1987,497 2044,497 2100,498 2157,500 2213,501 2270,503 2326,505 2383,507 2439,509 2496,512"/>
                <TextEquiv>
                    <Unicode>yn tlanextli, yn ocutl, ynjc vel ixima</Unicode>
                </TextEquiv>
            </TextLine>
            <TextLine id="r1l9" custom="readingOrder {index:8;}">
                <Coords points="84,562 845,618 1251,586 1252,485 1194,455 914,521 744,471 677,517 573,476 533,510 302,475 85,499"/>
                <Baseline points="92,548 149,551 207,552 264,554 322,555 380,556 437,557 495,558 552,558 610,559 668,560 725,560 783,560 840,560 898,560 956,560 1013,560 1071,558 1128,558 1186,558 1244,557"/>
                <TextEquiv>
                    <Unicode>cer al verdadero dios, y alos dioses</Unicode>
                </TextEquiv>
            </TextLine>
            <TextLine id="r1l10" custom="readingOrder {index:9;}">
                <Coords points="1366,614 2140,589 2301,622 2491,603 2512,543 2294,546 2197,504 2022,542 1845,500 1791,548 1726,518 1520,564 1446,517 1366,564"/>
                <Baseline points="1373,599 1429,596 1486,594 1542,593 1599,590 1656,588 1712,587 1769,585 1825,585 1882,584 1939,584 1995,584 2052,584 2108,584 2165,584 2222,585 2278,585 2335,587 2391,588 2448,591 2505,593"/>
                <TextEquiv>
                    <Unicode>choz, yn izel teutl ipalnemoanj dios:</Unicode>
                </TextEquiv>
            </TextLine>
            <TextLine id="r1l11" custom="readingOrder {index:10;}">
                <Coords points="97,702 248,677 462,733 600,676 746,720 837,682 1245,709 1269,593 755,632 663,601 282,620 209,583 97,632"/>
                <Baseline points="105,662 162,665 220,666 278,668 336,669 394,671 452,671 509,671 567,671 625,671 683,671 741,669 799,669 857,668 914,668 972,666 1030,666 1088,665 1146,665 1204,663 1262,663"/>
                <TextEquiv>
                    <Unicode>falsos, y engañosos, consiente en la</Unicode>
                </TextEquiv>
            </TextLine>
            <TextLine id="r1l12" custom="readingOrder {index:11;}">
                <Coords points="1358,694 2534,686 2533,625 1357,605"/>
                <Baseline points="1365,693 1423,689 1481,687 1539,684 1597,681 1655,680 1713,678 1771,677 1829,675 1887,675 1945,674 2003,674 2061,674 2119,674 2177,674 2235,674 2293,675 2351,675 2409,677 2467,677 2526,678"/>
                <TextEquiv>
                    <Unicode>ca iehoatl in teutlatolli. Auh yn jmixima</Unicode>
                </TextEquiv>
            </TextLine>
            <TextLine id="r1l13" custom="readingOrder {index:12;}">
                <Coords points="1373,799 2239,796 2284,767 2506,804 2504,711 1371,708"/>
                <Baseline points="1380,788 1435,782 1491,777 1547,772 1603,769 1659,765 1715,764 1771,762 1827,761 1883,761 1939,759 1994,759 2050,759 2106,759 2162,759 2218,761 2274,761 2330,761 2386,761 2442,761 2498,761"/>
                <TextEquiv>
                    <Unicode>choca yn iztlacateteu, in qujnmoteuti</Unicode>
                </TextEquiv>
            </TextLine>
            <TextLine id="r1l14" custom="readingOrder {index:13;}">
                <Coords points="97,815 205,801 302,854 632,783 799,828 920,787 1175,817 1237,803 1237,721 96,704"/>
                <Baseline points="104,780 160,783 216,785 272,785 329,786 385,786 441,788 498,787 554,786 610,786 667,785 723,785 779,784 835,783 892,782 948,782 1004,780 1061,780 1117,780 1173,780 1230,780"/>
                <TextEquiv>
                    <Unicode>inteligentia de la diujna escrip</Unicode>
                </TextEquiv>
            </TextLine>
            <TextLine id="r1l15" custom="readingOrder {index:14;}">
                <Coords points="1356,886 1531,895 1590,858 1779,894 1905,827 2157,873 2264,846 2326,885 2490,858 2489,800 2329,803 2279,767 2178,806 1425,800 1355,837"/>
                <Baseline points="1364,872 1422,866 1481,861 1540,858 1599,854 1658,851 1717,849 1776,846 1835,845 1894,845 1952,843 2011,843 2070,843 2129,843 2188,843 2247,844 2306,845 2365,845 2424,846 2483,846"/>
                <TextEquiv>
                    <Unicode>aque, in vevetque: çan no itech qujca</Unicode>
                </TextEquiv>
            </TextLine>
            <TextLine id="r1l16" custom="readingOrder {index:15;}">
                <Coords points="85,901 433,959 1073,920 1272,961 1274,836 1121,815 965,872 769,827 447,866 365,815 299,859 204,822 86,851"/>
                <Baseline points="93,897 151,899 210,900 268,902 327,903 386,905 444,907 503,908 562,909 620,911 679,912 738,912 796,912 855,914 914,914 972,914 1031,914 1090,914 1148,914 1207,914 1266,914"/>
                <TextEquiv>
                    <Unicode>tura: la qual possee, como vn pre</Unicode>
                </TextEquiv>
            </TextLine>
            <TextLine id="r1l17" custom="readingOrder {index:16;}">
                <Coords points="1364,987 1560,942 2046,934 2193,963 2402,935 2474,970 2526,950 2525,860 2343,887 2066,840 1961,897 1861,876 1784,913 1600,870 1363,905"/>
                <Baseline points="1371,944 1428,944 1485,942 1543,941 1600,939 1658,938 1715,935 1772,933 1830,932 1887,930 1945,929 2002,927 2059,926 2117,926 2174,924 2232,924 2289,926 2346,926 2404,927 2461,930 2519,932"/>
                <TextEquiv>
                    <Unicode>yn jmelaoaca, in teutlatolli. Jnin teutla</Unicode>
                </TextEquiv>
            </TextLine>
            <TextLine id="r1l18" custom="readingOrder {index:17;}">
                <Coords points="1358,1049 2062,1009 2483,1041 2520,968 2396,935 1517,947 1357,1007"/>
                <Baseline points="1364,1029 1421,1028 1479,1025 1536,1022 1594,1020 1651,1017 1709,1016 1766,1013 1824,1011 1881,1009 1939,1007 1996,1005 2054,1004 2111,1003 2169,1002 2226,1002 2284,1002 2341,1002 2399,1004 2456,1005 2514,1008"/>
                <TextEquiv>
                    <Unicode>tlatolli ixillantzinco, itozcatlantzinco, in to</Unicode>
                </TextEquiv>
            </TextLine>
            <TextLine id="r1l19" custom="readingOrder {index:18;}">
                <Coords points="99,1078 199,1093 311,1036 789,1046 838,1090 923,1046 1103,1098 1176,1060 1234,1103 1294,1081 1295,967 1261,959 1174,990 1000,960 668,994 530,948 101,971"/>
                <Baseline points="108,1022 170,1026 232,1028 294,1030 356,1032 418,1034 480,1035 542,1037 604,1038 666,1038 728,1040 790,1040 852,1041 914,1041 976,1041 1038,1041 1100,1041 1162,1041 1224,1041 1287,1041"/>
                <TextEquiv>
                    <Unicode>ciosissimo thesoro, muy claro y muy</Unicode>
                </TextEquiv>
            </TextLine>
            <TextLine id="r1l20" custom="readingOrder {index:19;}">
                <Coords points="1370,1124 2478,1096 2519,1089 2518,1021 2067,1050 1767,1016 1369,1071"/>
                <Baseline points="1377,1104 1433,1101 1490,1098 1547,1094 1603,1091 1660,1088 1717,1085 1773,1083 1830,1080 1887,1079 1944,1077 2000,1076 2057,1076 2114,1074 2170,1074 2227,1074 2284,1074 2340,1076 2397,1077 2454,1079 2511,1080"/>
                <TextEquiv>
                    <Unicode>nantzin sancta yglesia, cuecuelpachiuh</Unicode>
                </TextEquiv>
            </TextLine>
            <TextLine id="r1l21" custom="readingOrder {index:20;}">
                <Coords points="103,1193 210,1159 473,1222 652,1176 986,1212 1111,1165 1288,1168 1288,1086 900,1059 709,1128 373,1051 304,1099 103,1099"/>
                <Baseline points="110,1148 168,1149 227,1152 285,1154 344,1155 402,1157 461,1158 519,1158 578,1158 636,1160 695,1160 753,1160 812,1160 870,1158 929,1158 987,1158 1046,1158 1104,1157 1163,1157 1221,1157 1280,1155"/>
                <TextEquiv>
                    <Unicode>puro, la yglesia catholica, alqual</Unicode>
                </TextEquiv>
            </TextLine>
            <TextLine id="r1l22" custom="readingOrder {index:21;}">
                <Coords points="1364,1201 2503,1175 2502,1112 2377,1082 2229,1133 1916,1095 1873,1128 1605,1102 1364,1133"/>
                <Baseline points="1371,1181 1427,1177 1483,1173 1539,1170 1596,1169 1652,1166 1708,1164 1764,1163 1821,1161 1877,1161 1933,1160 1989,1160 2046,1160 2102,1160 2158,1161 2214,1163 2271,1164 2327,1166 2383,1167 2439,1170 2496,1173"/>
                <TextEquiv>
                    <Unicode>toc, iuhqujnma ilhujcac teucujtlatl, il</Unicode>
                </TextEquiv>
            </TextLine>
            <TextLine id="r1l23" custom="readingOrder {index:22;}">
                <Coords points="1366,1277 2484,1278 2456,1184 1365,1188"/>
                <Baseline points="1374,1260 1429,1258 1484,1255 1539,1253 1594,1251 1649,1248 1704,1247 1760,1247 1815,1245 1870,1244 1925,1242 1980,1242 2035,1242 2090,1242 2146,1242 2201,1242 2256,1242 2311,1244 2366,1244 2421,1245 2477,1247"/>
                <TextEquiv>
                    <Unicode>hujcac quetzalitztli, teuxiujtl, tema</Unicode>
                </TextEquiv>
            </TextLine>
            <TextLine id="r1l24" custom="readingOrder {index:23;}">
                <Coords points="103,1297 505,1338 884,1279 1234,1312 1234,1225 1099,1190 1003,1224 743,1190 509,1242 257,1167 194,1225 103,1215"/>
                <Baseline points="110,1275 165,1277 221,1278 277,1278 333,1278 389,1280 445,1280 500,1280 556,1280 612,1279 668,1278 724,1278 780,1278 836,1278 891,1278 947,1277 1003,1277 1059,1277 1115,1277 1171,1277 1227,1277"/>
                <TextEquiv>
                    <Unicode>todos los que se qujeren saluar,</Unicode>
                </TextEquiv>
            </TextLine>
            <TextLine id="r1l25" custom="readingOrder {index:24;}">
                <Coords points="1369,1383 1788,1333 1841,1369 1950,1332 2080,1363 2197,1314 2409,1354 2497,1335 2496,1288 1664,1264 1592,1312 1539,1279 1367,1304"/>
                <Baseline points="1376,1349 1431,1345 1487,1340 1542,1337 1598,1335 1654,1333 1709,1331 1765,1329 1821,1328 1876,1326 1932,1326 1988,1325 2043,1325 2099,1323 2155,1323 2210,1322 2266,1321 2322,1320 2377,1319 2433,1317 2489,1316"/>
                <TextEquiv>
                    <Unicode>quiztli, tlaçotetl ipampouj: in vellapa</Unicode>
                </TextEquiv>
            </TextLine>
            <TextLine id="r1l26" custom="readingOrder {index:25;}">
                <Coords points="1373,1436 2504,1412 2501,1342 2359,1321 1371,1383"/>
                <Baseline points="1380,1428 1435,1424 1491,1419 1547,1416 1603,1413 1658,1409 1714,1406 1770,1403 1826,1400 1881,1398 1937,1395 1993,1394 2049,1392 2104,1391 2160,1390 2216,1389 2272,1388 2327,1388 2383,1388 2439,1388 2495,1389"/>
                <TextEquiv>
                    <Unicode>nauja yn jctlaçotli, ynjcpialonj: ynjn</Unicode>
                </TextEquiv>
            </TextLine>
            <TextLine id="r1l27" custom="readingOrder {index:26;}">
                <Coords points="106,1410 263,1399 392,1462 495,1414 1238,1443 1271,1325 1180,1311 1032,1366 981,1324 830,1365 745,1327 659,1367 541,1328 479,1365 107,1309"/>
                <Baseline points="114,1404 171,1404 228,1406 286,1406 343,1407 401,1407 458,1409 516,1409 573,1410 631,1410 688,1412 745,1412 803,1412 860,1412 918,1412 975,1412 1033,1412 1090,1410 1148,1409 1205,1409 1263,1406"/>
                <TextEquiv>
                    <Unicode>son obligados a dar todo credito:</Unicode>
                </TextEquiv>
            </TextLine>
            <TextLine id="r1l28" custom="readingOrder {index:27;}">
                <Coords points="1381,1509 1684,1465 1811,1511 1911,1479 2507,1478 2505,1429 2443,1404 1380,1445"/>
                <Baseline points="1388,1499 1443,1495 1499,1490 1554,1487 1610,1484 1665,1481 1721,1478 1776,1476 1832,1473 1887,1472 1943,1470 1998,1469 2054,1467 2109,1466 2165,1466 2220,1464 2276,1464 2331,1464 2387,1464 2442,1464 2498,1464"/>
                <TextEquiv>
                    <Unicode>teutlatolli yn jsqujchtin momaqujxtizne</Unicode>
                </TextEquiv>
            </TextLine>
            <TextLine id="r1l29" custom="readingOrder {index:28;}">
                <Coords points="113,1571 415,1555 566,1595 711,1588 781,1542 1124,1577 1289,1552 1289,1485 1072,1437 863,1466 552,1433 366,1485 113,1463"/>
                <Baseline points="120,1524 178,1527 236,1530 294,1532 352,1533 410,1535 468,1536 526,1536 584,1536 642,1536 700,1535 758,1535 816,1533 874,1532 932,1532 990,1531 1048,1530 1106,1530 1164,1530 1222,1530 1281,1530"/>
                <TextEquiv>
                    <Unicode>por ser verdades, reueladas y pro</Unicode>
                </TextEquiv>
            </TextLine>
            <TextLine id="r1l30" custom="readingOrder {index:29;}">
                <Coords points="1373,1607 1580,1563 1866,1587 1973,1542 2056,1577 2175,1540 2529,1554 2527,1488 2337,1482 1371,1536"/>
                <Baseline points="1379,1568 1436,1565 1493,1562 1550,1560 1607,1557 1664,1554 1721,1551 1778,1550 1835,1547 1892,1545 1949,1544 2006,1542 2063,1539 2120,1539 2177,1538 2234,1536 2291,1535 2348,1535 2405,1533 2462,1533 2520,1532"/>
                <TextEquiv>
                    <Unicode>quj, cenca intechmonequj, in iollocopa</Unicode>
                </TextEquiv>
            </TextLine>
            <TextLine id="r1l31" custom="readingOrder {index:30;}">
                <Coords points="1373,1683 1525,1629 2450,1633 2527,1621 2526,1555 2409,1579 2175,1540 2056,1577 1973,1541 1886,1589 1582,1563 1371,1607"/>
                <Baseline points="1379,1638 1436,1635 1493,1632 1550,1629 1607,1626 1664,1623 1721,1622 1778,1619 1835,1618 1892,1616 1949,1616 2006,1614 2063,1614 2120,1613 2177,1613 2234,1613 2291,1613 2348,1613 2405,1613 2462,1613 2519,1614"/>
                <TextEquiv>
                    <Unicode>qujneltocazque: iehica cadios itlatoltzin</Unicode>
                </TextEquiv>
            </TextLine>
            <TextLine id="r1l32" custom="readingOrder {index:31;}">
                <Coords points="103,1679 228,1718 435,1653 487,1692 1228,1692 1250,1609 104,1585"/>
                <Baseline points="111,1653 167,1657 224,1662 280,1665 337,1668 393,1670 450,1672 506,1673 563,1674 619,1674 676,1674 733,1674 789,1674 846,1674 902,1673 959,1673 1015,1671 1072,1670 1128,1669 1185,1668 1242,1667"/>
                <TextEquiv>
                    <Unicode>cedientes de la eterna verdad</Unicode>
                </TextEquiv>
            </TextLine>
            <TextLine id="r1l33" custom="readingOrder {index:32;}">
                <Coords points="1367,1728 2469,1704 2504,1654 1633,1632 1433,1642 1366,1686"/>
                <Baseline points="1373,1703 1429,1701 1485,1700 1541,1697 1598,1696 1654,1695 1710,1694 1766,1692 1823,1691 1879,1689 1935,1689 1991,1688 2048,1688 2104,1686 2160,1686 2216,1685 2273,1685 2329,1683 2385,1683 2441,1683 2498,1682"/>
                <TextEquiv>
                    <Unicode>catlanestli, caocotl. Jndios tetatzin, inte</Unicode>
                </TextEquiv>
            </TextLine>
            <TextLine id="r1l34" custom="readingOrder {index:33;}">
                <Coords points="1363,1804 1641,1756 1680,1788 1827,1755 2103,1787 2214,1751 2412,1788 2500,1754 2499,1708 2298,1698 1362,1725"/>
                <Baseline points="1370,1769 1426,1767 1482,1764 1538,1763 1594,1761 1650,1760 1706,1758 1762,1757 1818,1757 1874,1755 1931,1755 1987,1754 2043,1754 2099,1754 2155,1752 2211,1752 2267,1751 2323,1751 2379,1749 2435,1748 2492,1746"/>
                <TextEquiv>
                    <Unicode>piltzin, in espiritu sancto, qujmoma qui</Unicode>
                </TextEquiv>
            </TextLine>
            <TextLine id="r1l35" custom="readingOrder {index:34;}">
                <Coords points="113,1812 128,1817 174,1783 271,1783 290,1802 348,1792 428,1818 486,1808 489,1738 452,1731 406,1696 375,1722 300,1726 262,1711 236,1731 117,1729"/>
                <Baseline points="122,1773 147,1773 173,1773 198,1773 224,1773 249,1774 275,1775 301,1776 326,1778 352,1779 377,1780 403,1782 428,1784 454,1785 480,1787"/>
                <TextEquiv>
                    <Unicode>que es dios.</Unicode>
                </TextEquiv>
            </TextLine>
            <TextLine id="r1l36" custom="readingOrder {index:35;}">
                <Coords points="1373,1854 1456,1877 1495,1843 1796,1823 1878,1863 2094,1823 2375,1864 2518,1829 2517,1774 2465,1758 2412,1789 1828,1754 1373,1799"/>
                <Baseline points="1380,1844 1436,1838 1493,1834 1549,1831 1606,1827 1662,1826 1719,1823 1775,1822 1832,1821 1888,1821 1945,1820 2001,1820 2058,1821 2114,1821 2171,1821 2227,1821 2284,1821 2340,1821 2397,1821 2453,1820 2510,1820"/>
                <TextEquiv>
                    <Unicode>ti, qujmopialtili, yntonantzin sancta</Unicode>
                </TextEquiv>
            </TextLine>
            <TextLine id="r1l37" custom="readingOrder {index:36;}">
                <Coords points="1364,1955 1798,1953 1984,1909 2364,1958 2525,1939 2524,1868 2199,1838 1362,1862"/>
                <Baseline points="1370,1926 1427,1921 1484,1917 1542,1913 1599,1908 1656,1906 1714,1904 1771,1902 1828,1901 1886,1901 1943,1899 2000,1899 2058,1899 2115,1899 2172,1901 2230,1901 2287,1901 2344,1902 2402,1902 2459,1904 2517,1904"/>
                <TextEquiv>
                    <Unicode>yglesia, ynjc qujntlanextilia, qujnma</Unicode>
                </TextEquiv>
            </TextLine>
            <TextLine id="r1l38" custom="readingOrder {index:37;}">
                <Coords points="164,1994 173,1991 183,1992 191,1973 198,1970 158,1865 146,1866 119,1876"/>
                <Baseline points="167,1982 191,1973"/>
                <TextEquiv>
                    <Unicode>J</Unicode>
                </TextEquiv>
            </TextLine>
            <TextLine id="r1l39" custom="readingOrder {index:38;}">
                <Coords points="1371,2062 1702,2064 1864,1986 1928,2011 2041,1979 2246,1996 2243,1937 2076,1918 1485,1972 1442,1948 1368,1977"/>
                <Baseline points="1377,2012 1420,2008 1463,2004 1506,1999 1549,1995 1592,1992 1635,1989 1678,1986 1721,1984 1764,1982 1807,1980 1850,1979 1893,1977 1936,1976 1979,1974 2022,1974 2065,1974 2108,1974 2151,1974 2194,1974 2238,1974"/>
                <TextEquiv>
                    <Unicode>chtia, yn jsqujchtin ipilhoan.</Unicode>
                </TextEquiv>
            </TextLine>
            <TextLine id="r1l40" custom="readingOrder {index:39;}">
                <Coords points="165,1977 194,1975 239,2017 300,2027 365,2079 453,2046 548,2080 618,2064 626,1999 551,1958 511,1973 472,1921 404,1886 311,1895 284,1876 252,1897 177,1891"/>
                <Baseline points="173,1971 199,1977 225,1983 249,1989 275,1995 301,2001 327,2007 353,2011 379,2015 406,2020 432,2024 458,2027 484,2028 510,2030 536,2030 562,2030 588,2027 615,2025"/>
                <TextEquiv>
                    <Unicode>d . E es.</Unicode>
                </TextEquiv>
            </TextLine>
            <TextLine id="r1l41" custom="readingOrder {index:40;}">
                <Coords points="1356,2159 1634,2118 1804,2144 1930,2101 2539,2128 2558,2044 2427,2059 2237,1996 2118,2065 1352,2065"/>
                <Baseline points="1362,2141 1421,2135 1481,2130 1540,2125 1600,2121 1659,2117 1719,2113 1778,2109 1838,2106 1897,2103 1957,2100 2016,2099 2076,2097 2135,2096 2195,2094 2254,2093 2314,2093 2373,2093 2433,2093 2492,2094 2552,2096"/>
                <TextEquiv>
                    <Unicode>B. Tlaxicmocaqujtican, no tlaçopilhoane,</Unicode>
                </TextEquiv>
            </TextLine>
            <TextLine id="r1l42" custom="readingOrder {index:41;}">
                <Coords points="104,2135 673,2171 752,2212 943,2168 1031,2211 1269,2186 1272,2108 1188,2088 973,2129 108,2056"/>
                <Baseline points="113,2109 170,2116 228,2124 285,2131 343,2136 400,2143 458,2148 515,2152 573,2156 630,2160 688,2163 745,2165 803,2166 860,2168 918,2168 975,2168 1033,2166 1090,2165 1148,2163 1205,2160 1263,2157"/>
                <TextEquiv>
                    <Unicode>B. Por esta causa, para alumbrar</Unicode>
                </TextEquiv>
            </TextLine>
            <TextLine id="r1l43" custom="readingOrder {index:42;}">
                <Coords points="1370,2224 1748,2182 2494,2194 2511,2116 2343,2100 2275,2137 2173,2101 1800,2152 1721,2117 1367,2176"/>
                <Baseline points="1377,2217 1433,2211 1489,2206 1546,2201 1602,2196 1659,2193 1715,2189 1771,2184 1828,2181 1884,2178 1941,2174 1997,2172 2053,2169 2110,2168 2166,2166 2223,2164 2279,2163 2335,2162 2392,2160 2448,2160 2505,2160"/>
                <TextEquiv>
                    <Unicode>in teutlatolli ca teutlanestli: ynjc vella</Unicode>
                </TextEquiv>
            </TextLine>
            <TextLine id="r1l44" custom="readingOrder {index:43;}">
                <Coords points="1377,2317 1808,2263 2490,2278 2460,2177 1373,2225"/>
                <Baseline points="1383,2291 1437,2286 1492,2280 1547,2276 1602,2271 1657,2268 1712,2263 1767,2259 1822,2256 1877,2253 1932,2250 1986,2247 2041,2246 2096,2243 2151,2241 2206,2240 2261,2238 2316,2238 2371,2237 2426,2237 2481,2237"/>
                <TextEquiv>
                    <Unicode>chiazque in tlaiooaian nemj, in mix</Unicode>
                </TextEquiv>
            </TextLine>
            <TextLine id="r1l45" custom="readingOrder {index:44;}">
                <Coords points="126,2265 478,2318 626,2272 1287,2282 1289,2219 819,2188 765,2224 641,2188 559,2216 425,2167 128,2197"/>
                <Baseline points="135,2238 192,2242 249,2246 306,2250 364,2254 421,2257 478,2261 536,2264 593,2268 650,2270 708,2272 765,2273 822,2274 879,2276 937,2276 994,2276 1051,2274 1109,2271 1166,2270 1223,2265 1281,2262"/>
                <TextEquiv>
                    <Unicode>enel conocimjento de la eterna uer</Unicode>
                </TextEquiv>
            </TextLine>
            <TextLine id="r1l46" custom="readingOrder {index:45;}">
                <Coords points="1358,2385 1765,2390 1839,2335 2314,2325 2386,2375 2534,2344 2531,2274 1355,2306"/>
                <Baseline points="1365,2375 1423,2367 1481,2361 1539,2356 1597,2349 1655,2345 1713,2342 1771,2337 1829,2334 1887,2332 1945,2330 2003,2328 2061,2327 2119,2325 2177,2325 2235,2325 2293,2325 2351,2327 2409,2327 2467,2329 2526,2331"/>
                <TextEquiv>
                    <Unicode>cueptinemj, yn tlateutocanjme, in qujto</Unicode>
                </TextEquiv>
            </TextLine>
            <TextLine id="r1l47" custom="readingOrder {index:46;}">
                <Coords points="116,2368 831,2440 1030,2381 1263,2405 1265,2289 856,2339 118,2276"/>
                <Baseline points="123,2355 179,2357 236,2358 293,2361 349,2363 406,2367 463,2369 519,2371 576,2373 633,2376 690,2378 746,2379 803,2381 860,2382 916,2382 973,2382 1030,2381 1086,2379 1143,2376 1200,2373 1257,2369"/>
                <TextEquiv>
                    <Unicode>dad, que es dios: y enel conocimj</Unicode>
                </TextEquiv>
            </TextLine>
            <TextLine id="r1l48" custom="readingOrder {index:47;}">
                <Coords points="1369,2471 2556,2425 2554,2370 2383,2374 2303,2331 2137,2374 2078,2333 1899,2381 1367,2409"/>
                <Baseline points="1376,2459 1434,2452 1493,2446 1551,2441 1610,2436 1669,2431 1727,2428 1786,2424 1845,2421 1903,2418 1962,2417 2021,2414 2079,2413 2138,2412 2197,2412 2255,2412 2314,2412 2373,2412 2431,2414 2490,2414 2549,2415"/>
                <TextEquiv>
                    <Unicode>ca tinemj ymiztlacatlatol in diablo, yn vel</Unicode>
                </TextEquiv>
            </TextLine>
            <TextLine id="r1l49" custom="readingOrder {index:48;}">
                <Coords points="121,2500 280,2471 493,2531 700,2497 972,2550 1145,2509 1253,2560 1238,2442 760,2417 714,2449 124,2389"/>
                <Baseline points="129,2474 184,2475 240,2477 296,2479 352,2481 408,2484 464,2487 520,2490 576,2492 632,2495 688,2497 743,2499 799,2501 855,2501 911,2502 967,2502 1023,2501 1079,2499 1135,2497 1191,2495 1247,2490"/>
                <TextEquiv>
                    <Unicode>ento de los falsos dioses, que son</Unicode>
                </TextEquiv>
            </TextLine>
            <TextLine id="r1l50" custom="readingOrder {index:49;}">
                <Coords points="1378,2572 1774,2512 2509,2516 2506,2449 2398,2414 2283,2451 1938,2426 1713,2437 1638,2484 1572,2449 1374,2475"/>
                <Baseline points="1383,2538 1438,2535 1494,2530 1550,2525 1606,2522 1662,2517 1718,2513 1774,2509 1830,2506 1886,2503 1942,2499 1997,2496 2053,2495 2109,2493 2165,2492 2221,2490 2277,2490 2333,2492 2389,2493 2445,2495 2501,2498"/>
                <TextEquiv>
                    <Unicode>yta yn iztlacatiliztli. Auh ynjc vel quj</Unicode>
                </TextEquiv>
            </TextLine>
            <TextLine id="r1l51" custom="readingOrder {index:50;}">
                <Coords points="1368,2636 2519,2587 2526,2534 2186,2512 1365,2572"/>
                <Baseline points="1374,2621 1431,2617 1488,2612 1545,2607 1603,2604 1660,2600 1717,2595 1775,2591 1832,2588 1889,2584 1947,2581 2004,2578 2061,2576 2118,2573 2176,2572 2233,2571 2290,2570 2348,2571 2405,2571 2462,2573 2520,2574"/>
                <TextEquiv>
                    <Unicode>miximachilizque, yn jnteouh, yn jntlato</Unicode>
                </TextEquiv>
            </TextLine>
            <TextLine id="r1l52" custom="readingOrder {index:51;}">
                <Coords points="105,2625 416,2590 606,2649 1008,2605 1264,2631 1265,2561 1114,2523 1049,2565 800,2569 462,2511 380,2546 108,2529"/>
                <Baseline points="114,2579 171,2581 228,2583 285,2586 342,2588 399,2591 456,2594 514,2597 571,2600 628,2601 685,2604 742,2606 799,2607 856,2609 914,2610 971,2610 1028,2609 1085,2609 1142,2606 1199,2603 1257,2600"/>
                <TextEquiv>
                    <Unicode>pura mentira, y inuention del au</Unicode>
                </TextEquiv>
            </TextLine>
            <TextLine id="r1l53" custom="readingOrder {index:52;}">
                <Coords points="1373,2727 1532,2738 1730,2678 1919,2707 2012,2669 2464,2668 2527,2642 2525,2605 2462,2577 2239,2619 2138,2587 1966,2632 1369,2657"/>
                <Baseline points="1379,2708 1436,2703 1493,2699 1550,2695 1607,2690 1664,2685 1721,2681 1778,2677 1835,2673 1892,2669 1949,2666 2006,2662 2063,2660 2120,2657 2177,2655 2234,2653 2291,2652 2348,2651 2405,2651 2462,2651 2520,2652"/>
                <TextEquiv>
                    <Unicode>cauh, in qujmotenqujstili in teutlatolli</Unicode>
                </TextEquiv>
            </TextLine>
            <TextLine id="r1l54" custom="readingOrder {index:53;}">
                <Coords points="115,2723 303,2753 431,2718 509,2752 581,2708 1053,2712 1163,2752 1272,2723 1273,2662 825,2624 528,2660 463,2626 373,2657 116,2640"/>
                <Baseline points="122,2691 179,2694 236,2696 293,2697 350,2700 407,2702 464,2702 522,2705 579,2705 636,2706 693,2708 750,2708 807,2709 864,2709 922,2709 979,2709 1036,2711 1093,2709 1150,2709 1207,2709 1265,2709"/>
                <TextEquiv>
                    <Unicode>tor y padre de toda mentira, que</Unicode>
                </TextEquiv>
            </TextLine>
            <TextLine id="r1l55" custom="readingOrder {index:54;}">
                <Coords points="1378,2819 1495,2779 2082,2780 2164,2743 2496,2776 2510,2702 2121,2678 1787,2712 1731,2677 1627,2723 1374,2738"/>
                <Baseline points="1383,2784 1439,2780 1495,2776 1551,2772 1607,2769 1663,2765 1719,2762 1775,2759 1831,2756 1887,2752 1943,2750 1999,2747 2055,2745 2111,2742 2167,2741 2223,2739 2279,2739 2335,2738 2391,2738 2447,2739 2504,2741"/>
                <TextEquiv>
                    <Unicode>yn neltiliztlatolli: ipampa in tlacpac, o</Unicode>
                </TextEquiv>
            </TextLine>
            <TextLine id="r1l56" custom="readingOrder {index:55;}">
                <Coords points="111,2817 508,2864 574,2821 1273,2851 1247,2746 1190,2781 901,2731 682,2786 516,2774 432,2718 387,2757 113,2741"/>
                <Baseline points="119,2802 176,2804 233,2805 291,2807 348,2809 405,2811 463,2814 520,2815 577,2817 635,2819 692,2821 749,2823 807,2825 864,2825 921,2826 979,2826 1036,2826 1093,2826 1151,2825 1208,2823 1266,2822"/>
                <TextEquiv>
                    <Unicode>es el diablo, puse el testo, de la sa</Unicode>
                </TextEquiv>
            </TextLine>
            <TextLine id="r1l57" custom="readingOrder {index:56;}">
                <Coords points="1376,2885 1808,2848 1906,2872 2043,2835 2135,2874 2491,2828 2489,2774 2397,2754 2303,2788 1765,2772 1374,2825"/>
                <Baseline points="1382,2865 1437,2861 1492,2858 1547,2854 1602,2849 1657,2845 1712,2842 1767,2839 1822,2836 1877,2833 1933,2831 1988,2828 2043,2826 2098,2825 2153,2823 2208,2823 2263,2822 2318,2822 2373,2822 2428,2823 2484,2823"/>
                <TextEquiv>
                    <Unicode>meteneuh, in tlacpac onjqujto, in teu</Unicode>
                </TextEquiv>
            </TextLine>
            <TextLine id="r1l58" custom="readingOrder {index:57;}">
                <Coords points="1374,2996 1536,2951 1625,2975 1818,2909 2498,2936 2495,2851 2354,2869 2311,2838 1371,2901"/>
                <Baseline points="1380,2951 1435,2944 1490,2938 1546,2932 1601,2928 1657,2923 1712,2918 1768,2914 1823,2911 1879,2908 1934,2906 1989,2904 2045,2903 2100,2901 2156,2901 2211,2901 2267,2901 2322,2901 2378,2904 2433,2906 2489,2907"/>
                <TextEquiv>
                    <Unicode>tlatolli, yn vncan neztica, melaoatica,</Unicode>
                </TextEquiv>
            </TextLine>
            <TextLine id="r1l59" custom="readingOrder {index:58;}">
                <Coords points="109,2991 332,2921 490,2977 582,2947 827,2979 1003,2937 1133,2990 1287,2956 1289,2868 1010,2897 945,2861 737,2906 351,2874 288,2834 111,2866"/>
                <Baseline points="117,2910 175,2914 233,2919 291,2922 349,2926 407,2929 465,2931 524,2934 582,2936 640,2937 698,2939 756,2939 814,2940 872,2940 931,2940 989,2940 1047,2939 1105,2939 1163,2939 1221,2937 1280,2937"/>
                <TextEquiv>
                    <Unicode>grada escriptura, arriba escripto:</Unicode>
                </TextEquiv>
            </TextLine>
            <TextLine id="r1l60" custom="readingOrder {index:59;}">
                <Coords points="1371,3067 1421,3027 1476,3061 1681,3005 1964,3036 2086,2995 2454,2996 2487,2935 2155,2906 1982,2948 1830,2909 1694,2971 1367,2992"/>
                <Baseline points="1377,3030 1432,3025 1487,3020 1542,3015 1597,3011 1653,3008 1708,3003 1763,3000 1818,2998 1873,2994 1929,2993 1984,2990 2039,2988 2094,2987 2149,2985 2205,2984 2260,2982 2315,2982 2370,2981 2425,2981 2481,2981"/>
                <TextEquiv>
                    <Unicode>yn quenjn otzintic opeuh, in tlateuto</Unicode>
                </TextEquiv>
            </TextLine>
            <TextLine id="r1l61" custom="readingOrder {index:60;}">
                <Coords points="112,3053 376,3048 555,3100 669,3063 1122,3054 1278,3097 1279,3000 1248,2995 729,2979 661,3010 216,2943 114,2986"/>
                <Baseline points="120,3033 177,3036 235,3039 292,3040 350,3042 407,3045 465,3047 522,3049 580,3050 637,3052 695,3053 753,3054 810,3056 868,3056 925,3056 983,3056 1040,3056 1098,3054 1155,3053 1213,3051 1271,3048"/>
                <TextEquiv>
                    <Unicode>donde clara, y abiertamente se co</Unicode>
                </TextEquiv>
            </TextLine>
            <TextLine id="r1l62" custom="readingOrder {index:61;}">
                <Coords points="1378,3156 1605,3097 1741,3129 1789,3094 2177,3109 2255,3071 2357,3120 2499,3104 2495,3015 1594,3029 1374,3068"/>
                <Baseline points="1383,3116 1438,3110 1493,3102 1549,3097 1604,3093 1659,3089 1715,3085 1770,3081 1825,3080 1881,3077 1936,3075 1991,3074 2047,3072 2102,3072 2157,3071 2213,3069 2268,3068 2323,3066 2379,3065 2434,3063 2490,3060"/>
                <TextEquiv>
                    <Unicode>qujliztli: no yoan vncan neztica, in ca</Unicode>
                </TextEquiv>
            </TextLine>
            <TextLine id="r1l63" custom="readingOrder {index:62;}">
                <Coords points="103,3161 310,3157 360,3198 478,3162 674,3207 916,3174 957,3210 1025,3176 1264,3199 1289,3097 823,3127 477,3074 329,3111 105,3094"/>
                <Baseline points="111,3137 169,3140 227,3144 286,3147 344,3150 403,3155 461,3157 520,3159 578,3162 637,3164 695,3167 753,3168 812,3168 870,3170 929,3170 987,3170 1046,3168 1104,3167 1163,3165 1221,3162 1280,3159"/>
                <TextEquiv>
                    <Unicode>noce al principio, que tuujeron los</Unicode>
                </TextEquiv>
            </TextLine>
            <TextLine id="r1l64" custom="readingOrder {index:63;}">
                <Coords points="1373,3206 1773,3203 1844,3165 1945,3202 2040,3161 2340,3184 2527,3158 2525,3097 1776,3101 1649,3147 1554,3105 1371,3159"/>
                <Baseline points="1380,3188 1437,3185 1494,3181 1551,3178 1608,3175 1665,3173 1722,3170 1779,3167 1836,3165 1893,3163 1950,3161 2007,3159 2064,3158 2121,3156 2178,3155 2235,3155 2292,3153 2349,3153 2406,3152 2463,3152 2520,3152"/>
                <TextEquiv>
                    <Unicode>mjectlamantli, netlapololtiliztli, netoli</Unicode>
                </TextEquiv>
            </TextLine>
            <TextLine id="r1l65" custom="readingOrder {index:64;}">
                <Coords points="1371,3320 2197,3246 2426,3277 2525,3252 2523,3182 2421,3161 2273,3211 1856,3186 1754,3224 1634,3189 1369,3243"/>
                <Baseline points="1377,3276 1434,3274 1491,3270 1548,3268 1605,3264 1662,3262 1719,3258 1776,3256 1833,3254 1890,3252 1947,3250 2004,3249 2061,3247 2118,3246 2175,3245 2232,3245 2289,3245 2346,3245 2403,3245 2460,3245 2517,3246"/>
                <TextEquiv>
                    <Unicode>niliztli, ixpopuiutiliztli, ipan ovetzque</Unicode>
                </TextEquiv>
            </TextLine>
            <TextLine id="r1l66" custom="readingOrder {index:65;}">
                <Coords points="92,3304 163,3266 554,3331 700,3282 1167,3322 1270,3295 1273,3227 1075,3244 981,3199 906,3240 779,3200 601,3218 524,3174 377,3227 259,3160 96,3180"/>
                <Baseline points="101,3233 159,3241 217,3247 275,3253 333,3259 391,3263 449,3266 507,3270 565,3272 623,3275 682,3276 740,3278 798,3278 856,3279 914,3279 972,3279 1030,3279 1088,3279 1146,3279 1204,3278 1263,3278"/>
                <TextEquiv>
                    <Unicode>ydolos: y los grandes males, enque</Unicode>
                </TextEquiv>
            </TextLine>
            <TextLine id="r1l67" custom="readingOrder {index:66;}">
                <Coords points="1370,3400 1555,3354 1948,3353 2116,3393 2218,3348 2479,3354 2500,3267 2180,3252 2096,3314 2048,3283 1979,3314 1368,3322"/>
                <Baseline points="1377,3366 1432,3363 1488,3360 1544,3357 1600,3356 1656,3354 1712,3352 1768,3351 1824,3350 1880,3348 1936,3347 1991,3347 2047,3345 2103,3345 2159,3344 2215,3342 2271,3341 2327,3339 2383,3338 2439,3336 2495,3333"/>
                <TextEquiv>
                    <Unicode>yn tlateutocanjme. C. Jn iehoatl in</Unicode>
                </TextEquiv>
            </TextLine>
            <TextLine id="r1l68" custom="readingOrder {index:67;}">
                <Coords points="109,3380 504,3426 920,3399 1013,3445 1108,3398 1272,3399 1274,3313 1000,3364 942,3317 655,3288 566,3349 111,3304"/>
                <Baseline points="117,3359 174,3363 231,3367 289,3371 346,3374 404,3378 461,3381 518,3383 576,3386 633,3387 691,3389 748,3390 805,3392 863,3392 920,3393 978,3393 1035,3392 1092,3392 1150,3390 1207,3389 1265,3387"/>
                <TextEquiv>
                    <Unicode>incurrieron, los hombres, por la a</Unicode>
                </TextEquiv>
            </TextLine>
            <TextLine id="r1l69" custom="readingOrder {index:68;}">
                <Coords points="1367,3464 2507,3445 2562,3431 2561,3368 2166,3357 2061,3397 1950,3355 1729,3403 1554,3355 1478,3409 1366,3400"/>
                <Baseline points="1374,3447 1433,3443 1492,3441 1551,3438 1610,3436 1669,3435 1728,3434 1787,3434 1846,3434 1905,3434 1964,3434 2023,3434 2082,3434 2141,3434 2200,3432 2259,3432 2318,3431 2377,3429 2436,3428 2495,3424 2555,3420"/>
                <TextEquiv>
                    <Unicode>Teutlatolli, in teutlanextli, techmachtia</Unicode>
                </TextEquiv>
            </TextLine>
            <TextLine id="r1l70" custom="readingOrder {index:69;}">
                <Coords points="103,3505 541,3503 926,3570 1235,3492 1233,3430 1046,3426 947,3465 756,3403 649,3451 555,3416 105,3422"/>
                <Baseline points="111,3479 166,3479 222,3482 278,3483 334,3485 390,3487 445,3489 501,3492 557,3494 613,3497 669,3499 724,3501 780,3503 836,3504 892,3506 948,3506 1003,3506 1059,3505 1115,3504 1171,3501 1227,3498"/>
                <TextEquiv>
                    <Unicode>doracion dellos. C. Por relation</Unicode>
                </TextEquiv>
            </TextLine>
            <TextLine id="r1l71" custom="readingOrder {index:70;}">
                <Coords points="1366,3558 1501,3525 1580,3553 2536,3531 2499,3460 2286,3443 2047,3482 1447,3457 1365,3491"/>
                <Baseline points="1373,3536 1430,3532 1488,3530 1546,3527 1604,3525 1661,3524 1719,3522 1777,3522 1835,3521 1892,3521 1950,3521 2008,3521 2066,3522 2123,3522 2181,3522 2239,3522 2297,3522 2354,3521 2412,3521 2470,3519 2528,3518"/>
                <TextEquiv>
                    <Unicode>techcaqujtia, canjman amo velitiz, in</Unicode>
                </TextEquiv>
            </TextLine>
            <TextLine id="r1l72" custom="readingOrder {index:71;}">
                <Coords points="1373,3642 1553,3665 1602,3623 2044,3616 2209,3650 2449,3620 2487,3563 1372,3562"/>
                <Baseline points="1380,3620 1435,3617 1490,3615 1545,3613 1600,3612 1655,3611 1710,3609 1765,3609 1820,3609 1875,3608 1930,3608 1985,3608 2040,3608 2095,3608 2150,3606 2205,3606 2260,3606 2315,3605 2370,3603 2425,3602 2480,3600"/>
                <TextEquiv>
                    <Unicode>mjequjntin iezque teteu, ca çan vel ce</Unicode>
                </TextEquiv>
            </TextLine>
            <TextLine id="r1l73" custom="readingOrder {index:72;}">
                <Coords points="108,3605 327,3605 398,3646 516,3612 696,3654 1097,3626 1160,3660 1248,3591 1033,3545 948,3583 110,3523"/>
                <Baseline points="116,3588 172,3590 228,3591 284,3593 340,3595 396,3598 452,3602 509,3605 565,3608 621,3611 677,3615 733,3618 789,3620 845,3622 902,3623 958,3623 1014,3623 1070,3621 1126,3619 1182,3615 1239,3609"/>
                <TextEquiv>
                    <Unicode>de la diujna escriptura, sabemos:</Unicode>
                </TextEquiv>
            </TextLine>
            <TextLine id="r1l74" custom="readingOrder {index:73;}">
                <Coords points="1373,3728 1726,3732 1831,3691 2012,3724 2535,3711 2534,3641 1372,3658"/>
                <Baseline points="1380,3702 1437,3700 1494,3698 1552,3695 1609,3693 1667,3692 1724,3690 1781,3690 1839,3689 1896,3687 1954,3687 2011,3686 2068,3686 2126,3685 2183,3684 2241,3684 2298,3684 2355,3684 2413,3683 2470,3683 2528,3683"/>
                <TextEquiv>
                    <Unicode>in çan vel izeltzin, teiocuianj, ipalnemo</Unicode>
                </TextEquiv>
            </TextLine>
            <TextLine id="r1l75" custom="readingOrder {index:74;}">
                <Coords points="105,3724 179,3694 565,3761 636,3727 1135,3766 1291,3726 1293,3656 1191,3642 1105,3681 829,3686 760,3648 677,3686 109,3615"/>
                <Baseline points="114,3687 172,3690 231,3694 289,3699 348,3703 406,3707 465,3711 523,3714 582,3719 640,3722 699,3725 757,3727 816,3729 874,3729 933,3731 991,3729 1050,3729 1108,3726 1167,3723 1225,3720 1284,3714"/>
                <TextEquiv>
                    <Unicode>que no ay, nj puede aver mas dios</Unicode>
                </TextEquiv>
            </TextLine>
            <TextLine id="r1l76" custom="readingOrder {index:75;}">
                <Coords points="1370,3778 2266,3789 2503,3766 2503,3702 1370,3727"/>
                <Baseline points="1377,3773 1435,3770 1494,3768 1553,3767 1612,3767 1671,3767 1730,3767 1789,3767 1848,3767 1907,3768 1965,3768 2024,3768 2083,3770 2142,3770 2201,3770 2260,3770 2319,3768 2378,3767 2437,3765 2496,3762"/>
                <TextEquiv>
                    <Unicode>anj, novian, tlatoanj: auh in teutlatolli</Unicode>
                </TextEquiv>
            </TextLine>
            <TextLine id="r1l77" custom="readingOrder {index:76;}">
                <Coords points="99,3834 401,3774 582,3852 1257,3860 1280,3755 685,3783 645,3747 451,3766 104,3722"/>
                <Baseline points="108,3780 166,3785 224,3789 282,3794 340,3799 398,3804 456,3809 514,3813 572,3818 630,3821 688,3825 746,3828 804,3831 862,3833 920,3834 978,3834 1036,3833 1094,3831 1152,3828 1210,3825 1269,3819"/>
                <TextEquiv>
                    <Unicode>que vno criador de todas las cosas,</Unicode>
                </TextEquiv>
            </TextLine>
            <TextLine id="r1l78" custom="readingOrder {index:77;}">
                <Coords points="1346,3860 2508,3876 2544,3870 2545,3803 1346,3786"/>
                <Baseline points="1353,3833 1412,3833 1471,3833 1530,3833 1589,3834 1649,3834 1708,3836 1767,3836 1826,3837 1885,3839 1945,3839 2004,3840 2063,3840 2122,3842 2181,3842 2241,3842 2300,3842 2359,3842 2418,3840 2477,3840 2537,3837"/>
                <TextEquiv>
                    <Unicode>yn tlacpac omjcujlo, itech neztica, izcatquj,</Unicode>
                </TextEquiv>
            </TextLine>
            <TextEquiv>
                <Unicode>f
fo. 30.
Apendiz
qujliztli, cenca vellaelittalonj, telchioalonj.
vicio, muy en particular.
A. Tlaxicmoçaqujtican, notlaçopilhoane,
A. La verdera lumbre, para cono
yn tlanextli, yn ocutl, ynjc vel ixima
cer al verdadero dios, y alos dioses
choz, yn izel teutl ipalnemoanj dios:
falsos, y engañosos, consiente en la
ca iehoatl in teutlatolli. Auh yn jmixima
choca yn iztlacateteu, in qujnmoteuti
inteligentia de la diujna escrip
aque, in vevetque: çan no itech qujca
tura: la qual possee, como vn pre
yn jmelaoaca, in teutlatolli. Jnin teutla
tlatolli ixillantzinco, itozcatlantzinco, in to
ciosissimo thesoro, muy claro y muy
nantzin sancta yglesia, cuecuelpachiuh
puro, la yglesia catholica, alqual
toc, iuhqujnma ilhujcac teucujtlatl, il
hujcac quetzalitztli, teuxiujtl, tema
todos los que se qujeren saluar,
quiztli, tlaçotetl ipampouj: in vellapa
nauja yn jctlaçotli, ynjcpialonj: ynjn
son obligados a dar todo credito:
teutlatolli yn jsqujchtin momaqujxtizne
por ser verdades, reueladas y pro
quj, cenca intechmonequj, in iollocopa
qujneltocazque: iehica cadios itlatoltzin
cedientes de la eterna verdad
catlanestli, caocotl. Jndios tetatzin, inte
piltzin, in espiritu sancto, qujmoma qui
que es dios.
ti, qujmopialtili, yntonantzin sancta
yglesia, ynjc qujntlanextilia, qujnma
J
chtia, yn jsqujchtin ipilhoan.
d . E es.
B. Tlaxicmocaqujtican, no tlaçopilhoane,
B. Por esta causa, para alumbrar
in teutlatolli ca teutlanestli: ynjc vella
chiazque in tlaiooaian nemj, in mix
enel conocimjento de la eterna uer
cueptinemj, yn tlateutocanjme, in qujto
dad, que es dios: y enel conocimj
ca tinemj ymiztlacatlatol in diablo, yn vel
ento de los falsos dioses, que son
yta yn iztlacatiliztli. Auh ynjc vel quj
miximachilizque, yn jnteouh, yn jntlato
pura mentira, y inuention del au
cauh, in qujmotenqujstili in teutlatolli
tor y padre de toda mentira, que
yn neltiliztlatolli: ipampa in tlacpac, o
es el diablo, puse el testo, de la sa
meteneuh, in tlacpac onjqujto, in teu
tlatolli, yn vncan neztica, melaoatica,
grada escriptura, arriba escripto:
yn quenjn otzintic opeuh, in tlateuto
donde clara, y abiertamente se co
qujliztli: no yoan vncan neztica, in ca
noce al principio, que tuujeron los
mjectlamantli, netlapololtiliztli, netoli
niliztli, ixpopuiutiliztli, ipan ovetzque
ydolos: y los grandes males, enque
yn tlateutocanjme. C. Jn iehoatl in
incurrieron, los hombres, por la a
Teutlatolli, in teutlanextli, techmachtia
doracion dellos. C. Por relation
techcaqujtia, canjman amo velitiz, in
mjequjntin iezque teteu, ca çan vel ce
de la diujna escriptura, sabemos:
in çan vel izeltzin, teiocuianj, ipalnemo
que no ay, nj puede aver mas dios
anj, novian, tlatoanj: auh in teutlatolli
que vno criador de todas las cosas,
yn tlacpac omjcujlo, itech neztica, izcatquj,</Unicode>
            </TextEquiv>
        </TextRegion>
    </Page>
</PcGts>
