2632 4218
500 44 1140 254 Libro. 2.
109 280 1292 406 aestos, luego tomauan, todas las ofren
121 379 1329 511 das de papel, y plumajes, y piedraspie
102 461 1307 604 ciosas, y chalchiujtes: y los lleuauan aū
108 553 1297 703 lugar de la laguna, que llaman panti
108 626 1267 773 tlan, que es frontera de las ataraça
102 722 1298 850 nas. Tambien lleuauan los coraçones
113 840 1275 943 de todos los que aujan muerto meti
123 881 1293 1008 dos en vna olla, pintada de açul, y te
98 978 1291 1109 ñjda con vlli, en quatro partes : tambi
114 1055 1301 1185 en los papeles, yuan todos mancha
120 1145 1289 1258 dos de vlli: todos los que estauan pre
94 1218 1289 1361 sentes aesta ofrenda, y sacrificio, te
109 1306 1282 1446 njan en los manos, aquella yerua
101 1394 1265 1560 que llaman iztauhiatl: que es casi
126 1483 1288 1615 como axenxos de castilla: y con ellos
120 1563 1286 1703 estauan oxeando, como qujen oxea
121 1662 1336 1758 moscas, sobre sus caras, y de sus hijos:
94 1753 1299 1891 Y dezian que con esto oxeauan los gu
121 1823 1289 1963 sanos, paraque no entrassen enios o
106 1923 1304 2050 gos: paraque no se causase, aquella
117 2011 1297 2125 emfermedad de los ojos, que ellos lla
118 2098 1286 2223 man yxocujllooaliztli. Otros metian
112 2177 1297 2291 esta yerua, en las orejas: tambien
103 2288 1300 2409 poruja de supersticion, otros trayan
114 2391 1291 2495 esta yerua apunada, o apretada, e
103 2450 1291 2600 nel puño. llegados, con todas sus ofre
115 2531 1286 2681 das, y con los coraconos de los muer
115 2626 1306 2772 tos, metianse en vna canoa grande,
108 2720 1295 2880 que era del señor: y luego comença
123 2819 1300 2942 uan arremar, con gran priesa: los
109 2898 1266 3044 remos de los que remauan todos
96 2985 1269 3149 yuan tenjdos de açul: tambien los
108 3089 1242 3200 remos, yuan manchados con vlli.
99 3199 1273 3331 llegados al lugar donde se auja de
114 3289 1322 3430 hazer la ofrenda, al qual se llama
103 3399 1296 3528 ua pantitlan, metian la canga, en
108 3485 1291 3620 tre muchos maderos, que alli esta
118 3567 1284 3697 ua hincados, en cerco de vn sumj
121 3668 1313 3808 dero, que alli auja, que llamauā
117 3763 1259 3899 aoztoc: entrando entre los made
111 3874 1282 4005 ros, luego los satrapas començauan
133 3963 1319 4077 a tocar sus cornetas, y caracoles, pues,
1477 71 2415 256 de las cerimonjas
1398 291 2575 434 iacattiuj in mamaltin miquj: iuh
1408 387 2588 556 qujn inpepechoan muchioa: auh
1404 542 2551 660 ynonmjcque, njman ie ic miq̄
1410 627 2539 759 in tlaloque: njman no yquac
1398 724 2537 874 tlatla, yn ixqujch nextlaoalli
1407 837 2572 987 amatl, yoan in quetzalli, yoan
1404 948 2549 1098 in nepapantlaço ihujtl: yoan
1405 1068 2546 1222 cequj chalchiujtl yn jcucic, yn
1406 1178 2566 1353 atle itlaciuiz, yn amo tlaciuj
1398 1294 2548 1475 ce: yoan cequj olchalchiujtl, ia
1400 1433 2583 1565 iauhquj, iaiactic, anoço yiauh
1387 1540 2548 1713 tic. Auh yn iquac qujmeltete
1392 1670 2527 1846 quj, in ce onpeti yiechiqujuh,
1400 1781 2539 1936 çonanjlia yn iiollo, contlalitiuj
1388 1903 2557 2051 comjc, tlatexoujlli motocaiotia,
1396 2021 2549 2193 mixcomjtl, nauhcampa intla
1404 2146 2537 2280 vlxaoalli: auh yn itlaquen a
1391 2250 2546 2392 matl tlavlchipinilli, cenca vllo,
1392 2360 2526 2527 moca vlli: muchiuh qujnchioa
1391 2481 2566 2632 yn izqujntin teixiptlaoan, much
1400 2613 2542 2715 vmpa contlaztimanj yn jniollo.
1399 2699 2548 2850 Auh yn iquac muchioa ioalno
1409 2825 2546 2957 pantla, ynjc mjcoa: yn ixqujn
1396 2927 2546 3059 chtin tlatlattaque, intla tlachia,
1393 3034 2549 3161 muchi imiiztauhiaxochiuh, in
1383 3135 2526 3298 mac tetentinemj, qujtlatlauj
1390 3259 2541 3405 tzotinemj, aujc qujtlaztinemjs
1386 3351 2560 3523 ic mecapeujtinemj, yn inpilhoā,
1392 3494 2528 3634 qujlmach ic qujnpeujaia yn o
1389 3606 2537 3748 cujlti, ynic amo yxocujlloaz:
1384 3730 2542 3885 que: cequjntin innacaztitlan
1369 3800 2543 3990 ca aquja, cequjn can qujmamā
1385 3940 2518 4083 pictinemj. Auh in ie iuhqujj
