2584 4214
632 61 1132 257 Libro.
172 272 1381 423 Traed melo aca presto, y los dichos
186 392 1396 515 tulteças, fueron por el, allamarle
189 485 1375 621 y traer al dicho toueyo: y traydo
198 568 1360 679 ante el señor vemac: dixole el se
182 670 1361 787 ñor vemac preguntando al dicho
181 788 1369 903 toueyo. De donde soys, y respon
192 864 1378 995 diole el dicho toueyo, diziendo. Se
201 949 1351 1099 ñor yo soy forastero, vengo por
195 1040 1380 1202 aquj avender axi verde: y mas
187 1148 1398 1286 le dixo el señor. A toueyo, donde
177 1270 1363 1401 os tardastes porque no os poneys
195 1356 1358 1477 el mastlatl, y no os cubris, con la
183 1440 1350 1571 manta: y le respondio, el dicho
168 1553 1330 1696 Toueyo, diziendo. Señor tenemos
167 1681 1355 1786 tal costumbre en nuestra tierra:
163 1766 1344 1903 y el señor dixo, al dixbo toueyo:
175 1859 1363 2002 Dos antoialtes amj hija, vos la
177 1959 1328 2072 aueys de sanar: y le respondio
162 2062 1317 2214 el dicho toueyo diziendo. Señor
155 2169 1336 2338 mjo en ninguna manera puede
168 2250 1346 2406 ser esto, mas matad me, yo quj
158 2375 1352 2503 ero murir: por que yo no soy dig
151 2458 1351 2589 no de oyr estas palabras, vinjen
166 2572 1351 2694 do por aquj abuscar la vida, vē
174 2652 1327 2784 diendo axi verde. Dixole el se
155 2761 1334 2900 nor, por fuerca aueys de sanar
154 2844 1365 2988 amjhija: no tengays mjedo: y lue
144 2935 1345 3120 go tomaronle, para lauarle,
140 3028 1339 3202 y tresqujlarle: y le tiñjeron todo
147 3128 1313 3254 el cuerpo con tinta: y le pune
159 3231 1311 3391 ron el mastlatl, y le cubrieron
144 3325 1351 3447 con vna manta, al dicho toueyo
132 3414 1302 3575 Y dixole el señor, vemac. Anda
130 3505 1313 3677 y entra a ver amj hija, alla den
123 3603 1302 3749 tro donde la guardan. Y el di
132 3695 1341 3827 cho toueyo, ansi lo hizo, y dormjo
147 3799 1292 3933 con la dicha hija, del señor ve
133 3889 1344 4039 mac: de que luego fuesana ybue
1505 95 1673 264 zb
1460 287 2534 480 huique, caonez intovenio, njla
1458 419 2546 606 ic qujto in vemac: maoallh
1458 520 2549 710 ic iuhca, njmanic ca anties.
1456 680 2548 846 in tulteca in tovanio, qujvicauza.
1453 803 2543 983 ixpan in tlatoanj: auh in ocohtla
1444 908 2546 1108 caque mjman ieic qujlvia ia
1453 1070 2545 1223 toanj, canmochan, njmames,
1446 1145 2560 1354 huj canitovenio, chiltzintli njc.
1444 1290 2539 1476 namaquilia, njman qujlhuia
1445 1374 2558 1588 tlatovanj, canjnmachtinemjta
1434 1558 2549 1736 ioie, maximomaxtlati, inos
1437 1656 2549 1880 motlapacho, njman qujlhujs
1440 1800 2549 1969 canietiuhque: auh in tlatoval
1429 1906 2545 2120 njman quilhui ca otictlatolinj tla
1436 2029 2537 2243 nochpotzin in jnteticpaliz, qu
1426 2171 2527 2374 njman quilhuj noveniotzinja
1435 2310 2513 2464 piltzi ca amovelitiz, xinechitija,
1433 2443 2516 2601 ti, xinechtlatlati, maymjiuia.
1423 2566 2518 2746 tleintinechihia amoçan mjla
1423 2682 2482 2896 chilchonamaquilio: auh nia
1429 2828 2498 3021 qujto intlatovam ca amo tō
1420 2925 2512 3119 tiz, maca ximomauhti: alla
1416 3105 2531 3304 njman ieic qujxima, ca alila
1420 3245 2521 3412 in ocona altique, njman ie ie t
1420 3324 2531 3566 ca qujmamaxtlatia, qujtlala
1418 3494 2532 3695 pilia, auh in ococencauhque sin
1405 3661 2522 3837 man: ie ic quilhuja in tlatovali
1411 3792 2516 3961 xiquitta in nochpotzi, in vmjca
1398 3896 2530 4089 pialo. auh ino onia njman te
