2614 4188
186 108 964 273 de los embustes
41 292 1154 477 volgose mucho, pensando que ya
34 427 1134 572 era muerto, el dicho yerno toue
31 527 1133 688 do: porque tenja gran verguen
37 606 1135 763 ce, de tener tal yerno forastero
30 689 1116 859 toueyo. Jel dicho toueyo, estando
41 791 1128 942 enterxado, miraua alos enemj
35 915 1115 1050 dos: y dezia alos dichos pages:
48 1010 1140 1180 no tengays mjedo, y ase llegan
57 1121 1163 1251 contra nosotros los enemigos: yo
57 1216 1155 1373 E que los tengo de matan ato
73 1303 1147 1467 dos. Y ansi se leuanto, y salio,
71 1424 1172 1577 contra los enemigos, de coatepec
43 1503 1171 1679 y cacatepec, persigujendoles, y
72 1624 1155 1766 matandoles sin numero: y co
80 1703 1161 1858 mo esto vino ala noticia, del
84 1833 1173 1983 señor vemac, espantose, y pe
92 1926 1187 2105 ule mucho, y llamo alos dichos
99 2009 1158 2162 tultecas, diziendoles. Vamos a
123 2113 1166 2275 recebir a vrō yerno: y ansi
91 2242 1179 2379 sueron todos, a recebirle, con el
107 2334 1158 2478 señor vemac: lleuando consi
89 2438 1219 2582 go, vnas armas, o diujsas, que
102 2554 1220 2711 se llaman quetzalapanecayutl,
95 2660 1211 2827 Prodelas, que se llaman xiuh
102 2760 1190 2908 chimalli: y le diexon al dicho
92 2853 1233 3025 Toueyo: y ansi lo recibioron bay
90 2951 1218 3123 sando y cantando, y tañjendo le
108 3064 1216 3208 las flautas, conlos dichos pages,
102 3168 1218 3323 con mucha victoria, y alegria.
90 3253 1224 3444 Stodos los dichos tultecas, enlle
120 3379 1241 3530 çando al palacio, del dicho señor
125 3458 1208 3640 demac emplumaronle lacabe
115 3573 1210 3743 ca, y todo el cuerpo tiñjeron le
122 3691 1194 3831 con color amarillo, y la cara,
124 3774 1229 3934 con color colorado, y alos pales:
124 3843 1233 4052 este es el regalo, que solian hazer,
2283 101 2553 224 fo. 15.
1317 71 1994 233 de fitlacaoa
1215 228 2380 437 anqujmati macamoximomauh
1220 362 2383 546 tican, macomoximauhcaconxq̄
1729 484 1843 566 i m
1213 506 2356 656 çan, macamocuetlaxocan, ie
1216 631 2380 761 nememati, anmuchintin an
1212 718 2405 911 tlamatzque, caçoquexixquichti
1236 850 2416 1023 tiqujn mictizque, auh in oipaneoa
1239 977 2401 1134 co, in oinpancholoco, in jniaooan
1242 1109 2402 1255 njma in caieoaque, qujnquequetz
1232 1220 2399 1378 troaque, qujn mjctique, qujmix
1244 1344 2430 1480 tlatique, qujmixpoloque, cenca vel
1257 1464 2424 1634 mjequjntin, amoçantlapoaltin in q̄n
1251 1603 2417 1782 mjctique, in jniaovan, auh in oquj
1265 1709 2437 1879 cac in tlatoanj, cencamotlapololti, yoa
1270 1825 2429 2021 motequipacho, njman ieic qujn
1266 1943 2472 2130 notza, in tulteca quimjlhuj, maticna
1279 2073 2431 2255 miquiti, yn amomontzin: auh in
1277 2211 2440 2348 tulteca njman ie tzomonque, cone
1278 2308 2473 2500 oaque, njman ieic quivica intla
1289 2446 2465 2612 tooanj, quitepevitivi, cololvttivj inte
1286 2565 2465 2705 namiquizque, in tulteca in tlatqui
1295 2678 2461 2844 ietiuh in quetzalapanecaiotl, yoan
1297 2795 2447 2958 in xjuhchimalli, in oacique itech
1307 2933 2487 3112 Jnjman ieic qujtlamamaca, cōma
1321 3040 2489 3227 caque, in quetzalapanecaiotl, yoā
1309 3171 2468 3337 in xiuhchimali, in xqujch intlat
1318 3320 2498 3472 quj ietia, ipamitotitivitz, moma
1311 3421 2535 3570 litotitivitz, motelimantivitz, motima
1312 3541 2489 3707 lolivitz, momamantivitz, quicui
1324 3673 2499 3800 catitivitze, cujcatl xauhtivitz, cul
1328 3793 2518 3955 catl caoantivitz, qujtlapichilitivitze.
2462 4040 2566 4103 2ō
