2562 4114
236 40 825 236 de la fiesta
79 174 1089 362 que tenja sus manças, y su cuer
79 342 1088 454 po: la punta del capillo, que e
85 389 1071 539 ra larga, estaua hecha vna
88 496 1095 614 rosca hazia tras: tenja vn lomo
87 571 1091 704 como cresta del gallo en la ros
81 670 1097 820 ca: y llamauan aeste tal capi
67 770 1118 895 llo, itztlacoliuhquj, que qujere
90 835 1097 985 dezir: dios de la helada, yuan
72 932 1145 1074 junto con su madre, yuan am
73 1032 1110 1185 bos ala par, muy de espacio, y
72 1140 1121 1258 uan al cu de la madre toci, don
75 1235 1144 1370 de auja muerto aquella muger
86 1314 1099 1472 poniase enel cu, aquel que
81 1409 1093 1548 representaua, ala diosa toci:
87 1496 1124 1661 el qual lleuaua el pellejo de la
87 1608 1110 1742 otra. Todo lo dicho passaua de
82 1711 1093 1866 noche: y en amaneciendo po
84 1805 1163 1948 njase aquel que representaua,
93 1885 1144 2020 ala diosa toci, enel canto del cu
86 1996 1140 2132 en lo alto: y todos los principa
90 2077 1131 2239 les, que estauan abaxo, espe
100 2169 1156 2317 rauan, aquella de monstraciō:
103 2259 1130 2414 comencauan asubir con gran
98 2339 1142 2538 priessa, por las gradas del cu a
113 2445 1172 2632 criba, y lleuauan sus ofrendas,
86 2569 1145 2699 y ofrecianse las vnos dellos, en
74 2649 1159 2789 plumauanle con pluma de a
88 2751 1153 2905 gujlaCaquellas blandas, que
92 2828 1168 3008 estan arayz del cuerpod la cabe
90 2920 1139 3103 ça, y tambien los pies, otros la
97 2997 1148 3193 afeytauan los rostros, con color
98 3110 1147 3266 colorado: otros le vestian vn vi
95 3233 1138 3374 pil, no muy largo, que tenja
93 3304 1171 3469 delante los pechos, vn agujla la
91 3395 1154 3568 brada, o texida en el mesmo vi
89 3492 1148 3644 pil: otros le ponjan vnas na
87 3599 1198 3731 oas pintadas: otros descabecauā
100 3691 1154 3829 codornizes, delante della: otros
1431 16 2070 206 ochpanjztli.
2243 52 2483 217 fo. c7.
1173 208 2338 354 momoiaoa, cecenmanj, canca
1189 312 2400 488 momauhtia. Auh mo acito tlac
1184 429 2362 591 xitlan, mjicxitlan vitzilobu
1190 550 2363 676 chtli: njmā ic maana, mofe
1170 645 2389 812 teoana, mamacoa mjicxicia
1206 799 2361 954 Vitalobucttli, conjxnamjc
1188 884 2333 1088 timoquetza, mecoalmocue
1195 1034 2342 1229 pa, itlan oalmoquetza mjco
1194 1166 2368 1328 neuh in Cin teutl: in vncan
1202 1257 2356 1461 oqujchixticaca, mexaiac ie
1177 1401 2327 1581 tivitz: ajoan cōmaquja, ico
1204 1503 2429 1708 pil, quaçoltic yoan tzitziqujl
1200 1633 2401 1784 tic: auh in i motocaiotiaia
1215 1754 2443 1912 itztlacoliuhquj: iehoatl in cetl:
1213 1890 2421 2072 qujvica tivitz, neoamantivitze
1220 1985 2411 2163 amo motlaloa, çayiolic yrati
1231 2088 2378 2270 vitze: vmpa itztivi, vmpa tla
1223 2228 2386 2414 mattivi mjteupan, in vmpa
1225 2345 2422 2510 omjc; oc ceppa vmpa om motla
1232 2449 2420 2632 lia. Auh mo tlatvic, motlatla
1235 2604 2459 2790 vilotleoac, tlatlavillotleoa, mec
1239 2714 2386 2899 oalmoquetza tlatenpan: acch
1226 2845 2358 2982 mjxqujch tlacatl pipilti, ie
1232 2969 2379 3135 qujchixtoque, ipan ōnete
1250 3080 2365 3262 peoalo: njmanic qujtlatla
1245 3186 2395 3367 maca: i aca qujpotonja ic
1254 3320 2422 3484 pac, yoan icxic, quauhtla
1255 3452 2413 3617 chçaiotica: in aca qujxaoa;
1244 3558 2409 3723 maca cōmaca iquavipil, y
1250 3668 2429 3865 oan icue, can tlacujlolli: in
