2546 4068
445 49 1054 253 Libro. E
161 257 1330 389 la ofrecian copal: Esto se hazia muy
180 371 1363 486 depresto: y luego se yuan todos, no
174 432 1338 568 quedaua nadre alli. Puego la saca
171 518 1346 641 uan sus vestiduras ricas, y vna cō
184 619 1342 727 rona muy pomposa: que se llama
185 710 1360 852 ua amacalli, que tenja cinco vā
169 804 1326 949 derillas, y la de medio mas alta,
182 900 1306 1055 que las otras: era esta corona,
174 993 1346 1161 muy ancha en lo alto, y no redon
183 1091 1324 1223 da, sino quadrada, y del medio
160 1185 1324 1314 della, sauan las vanderillas: las
167 1284 1312 1451 quatro vanderillas, yuan en quā
170 1370 1298 1521 tro esqujnas, y la mayor yua en
171 1465 1276 1596 medio: llamauan aesta corona,
168 1526 1327 1699 meiotly. Puego ponjan en rencle,
170 1643 1305 1797 todos los captiuos, que aujan de
170 1741 1322 1897 morir: y ella tomaua vno, yecha
163 1839 1326 1965 uanle sobre el taxon de piedra, lla
162 1930 1321 2065 mauan techcatl, y abria los pechos
152 2022 1322 2182 y sacaua el coraçon, y luego dotro,
149 2113 1308 2268 y luego aotro hasta quatro: y aca
142 2213 1320 2336 bando de matar estos quatro, los
152 2298 1316 2426 de mas encomendaua alos satra
165 2384 1324 2525 pas, paraque ellos los matassē.
157 2466 1288 2648 Y luego se yua con suhijo, para el
156 2569 1326 2706 ca, donde solia estar: el qual llama
162 2668 1300 2808 uan cinteutl, oitztlacoliuhquj: yua
159 2764 1310 2912 delante dellos, aquellos sus deuotos,
150 2852 1294 3026 que se llaman y cuexoan: yuan
159 2959 1273 3116 algo delante adereçados, con sus
163 3039 1295 3197 papeles, ceñjdo vn mastle de pa
155 3144 1316 3306 pel torcido, y sobre las espaldas, vn
155 3240 1278 3398 papel fruncido, y redondo, como
172 3347 1322 3487 rodela: lleuaua acuestas vnus plu
164 3435 1313 3573 majes, compuestos con algodon: en
164 3515 1321 3683 este plumase, lleuaua colgadas vnas
159 3607 1334 3751 hilachas de algodon, no torcido. Y las
164 3699 1307 3848 medicas, y las que venden cal enel
152 3790 1306 3971 tianquez, yuan acompañando de
1590 62 2449 232 de las xerimonjas
1428 254 2458 397 aca coli in qujçotonjlia:
1437 358 2444 522 m aca copalli in contemjlia
1419 453 2458 642 cenca can iciuhca: njmā ic
1424 553 2487 750 cactivetzi nj man ie viviloa
1425 718 2453 854 Auh io viviloac: njmā ic
1416 823 2486 995 oalqujça inj vei tlatquj, ano
1397 932 2482 1100 teneoa: y iamacal, yoan
1406 1047 2429 1218 itianqujjzpan: auh mja
1409 1176 2475 1318 macal, çan patlachtic mo
1422 1280 2479 1419 pantla icatiuh in tianqujz
1400 1397 2470 1567 panjtl, macujlli manj: i
1407 1503 2504 1678 tlanepantla icatiuh, iehoca
1407 1659 2471 1781 in tianqujzpanjtl: auet na
1411 1759 2498 1926 vi necoccampa ovmequjlz
1395 1861 2494 2042 tzacutiuh, moteneoa meotl
1397 2010 2488 2164 Auh mo cōcencautque, njslo
1395 2107 2479 2256 ic ommoiacatia, i mamas
1392 2257 2462 2401 ti mjxpan, na vintin: mec
1389 2357 2483 2501 ce conteca, in techcac: in omo
1403 2468 2482 2628 vioma in qujmjctia, qujma
1398 2586 2466 2736 totequj: navixtin, iuhqujti
1388 2717 2457 2869 chioa: mo qujmō mjcti i
1383 2814 2487 2984 novixctin, mec immac qujl
1398 2938 2492 3110 oalcaoa in tletlenamacaquo
1402 3086 2469 3252 mjcqujn mjctizque, mocce
1378 3198 2470 3350 qujntin mamalti: mecia
1390 3297 2492 3457 uh in vmpa ocanato icone
1378 3375 2503 3580 uh: quj vicatiuh mjconeuli,
1380 3526 2495 3689 mcinteutl, ano itztlacoluil
1383 3651 2494 3817 quj: qujiacana, mjcuexoaji
1408 3786 2480 3953 vecapa qujtztivi, omocen
