1996 2616
93 24 1907 125 de abundo el delicto. Del saber, o sabiduria desta gente ay fama : que fue mucha:
88 79 1908 172 como parece en el libro decimo : donde en el capitulo. 29 : se habla, de los prime
88 151 1901 214 ros pobladores, desta tierra : donde se affirma, que fueron, perfectos philoso
85 213 1910 279 phos, y astrologos, y muy diestros, en todas las artes mechanjcas. De la forta
81 240 1906 345 leza, la qual entre ellos, era: mas estimada, que ninguna otra virtud : y
1553 299 1651 348 destos
89 319 1901 395 por la qual subian, hasta el sumo grado, del valer : tenjan grandes exer
87 351 1902 461 citios : como parece en muchas partes, desta obra. En lo que toca, a la religi
89 406 1907 517 on y cultura, de sus dioses : no creo a aujdo en el mundo, ydolatras tan reue
91 460 1906 564 renciadores, de sus dioses : nj tan a su costa : como estos, desta nueua españa
88 540 1892 626 Ni los Judios, nj njnguna otra nation, tuuo iugo, tan pesado : y de tantas
91 606 1900 702 cerimonjas, como le an tenjdo, estos naturales : por espacio de muchos años,
94 636 1887 732 como parece, por toda esta obra. Del origen desta gente, la relacion que
89 717 1886 800 dan los viejos : es, que por la mar vinjeron, de hazia el norte. Y cierto es, que
80 764 1866 859 vinjeron, en algunos vasos : de manera no se sabe, como eran labrados : si
84 812 1881 913 no que se conjectura, que vna fama que ay, entre todos estos naturales:
92 904 1856 983 que salieron de siete cueuas: que estas siete cueuas, son los siete naujos, o
83 951 1889 1044 galeras, en que vinjeron, los primeros pobladores, desta tierra. Segun se
72 1008 1885 1096 colige, por coniecturas, verisimjles : la gente que primero vino, a poblar a esta
82 1081 1877 1144 tierra : de hazia la florida vino, y costeando vino : y desembarco en el puer
80 1141 1864 1218 to de panuco, que ellos llaman panco, que qujere dezir, lugar donde lle
81 1189 1865 1280 garon, los que passaron el agua. Esta gente, venja en demanda, del paray
77 1234 1845 1320 so terrenal: y trayan por apeuido, tamoanchan : que qujere dezir, buscamos
75 1301 1886 1382 nr̄a casa: y poblauan cerca de los mas altos montes, que hallauan. En venjr,
72 1337 1871 1443 hazia el medio dia a buscar el parayso terrenal, no herrauan: porque opi
76 1409 1865 1498 njon es : de los que escriuen, que esta debaxo de la linea equjnoctial: y en pē
76 1446 1874 1554 sar, que es algun altissimo monte : tampoco hierran : porque asi lo dizen los
88 1503 1861 1606 escritores, quel parayso terrenal, esta debaxo de la linea equjnoctial,
86 1567 1854 1644 I que es vn monte altissimo, que llega su cumbre, cerca de la luna : pa
88 1635 1865 1702 rece que ellos, o sus antepassados, tuujeron algun oraculo : cerca de esta
87 1696 1864 1770 materia : o de dios, o del demonjo, o tradicion de los antiguos, que vino de
79 1745 1853 1817 mano en mano hasta ellos. Ellos buscauan, lo que por via humana, no
81 1815 1860 1882 se puede hallar : y nr̄o señor dios pretendia, que la tierra despoblada, se
87 1846 1878 1941 poblasse : para que algunos, de sus descendientes, fuessen a poblar, el paray
77 1891 1847 1993 so celestial : como agora lo vemos por esperiencia. Mas para que me de
84 1946 1854 2053 tengo, en contar adeujnanças? Pues es certissimo, que estas gentes to
92 2032 1853 2114 das, son nr̄os hermanos : procedientes, del tronco de Adam, como no so
82 2084 1850 2165 tros : son nr̄os proximos, a quien somos obligados a amar, como a no so
79 2157 1854 2234 tros mjsmos. Qujdqujd sit, de lo que fueron los tiempos passados, vemos
80 2198 1875 2295 por esperiencia agora, que son abiles : para todas las artes mechanjcas.
88 2245 1863 2350 y las exercitan : son tanbien abiles, para deprender, todas las artes
69 2314 1886 2395 liberales, y la sancta theologia : como por esperiencia, se a visto : en aque
79 2384 1863 2460 llos, que an sido enseñados, en estas scientias. Porque de lo que son, en
75 2454 1862 2530 las cosas de guerra, esperientia se tiene dellos : ansi en la conqujsta desta
82 2498 1867 2596 tierra, como en otras particulares conqujstas, que despues aca se an hecho:
