2544 4022
303 -2 948 164 dela fiesta:
105 209 1177 329 que el dia antes, aujan cortado y traydo,
106 290 1166 401 bara aquel efecto, con pedaços del mjs
96 360 1184 467 mo maguey, y en cortando las puntas
91 432 1198 553 de maguey, luego con vna nauaijta de
99 498 1180 607 biedra, se cortauan las orejas, y conla
96 582 1158 695 sangrel dellas salia, ensangrentauan
88 659 1175 775 las puntas de maguey, que tenjan cor
91 729 1177 846 tadas, y tambien se ensangrentauan
85 808 1162 909 los rostros: cada vno en sanorentaua
96 902 1194 990 tantas puntas demaguey, aquantas al
97 954 1153 1066 cançaua su deuocion: vnos cinco, otros
100 1023 1185 1139 mas otros menos. hecho esto, luegoto
100 1091 1167 1215 dos los satrapas, y mjnistros de los ydo
100 1173 1164 1285 los, yuan abañarse por mucho frio
100 1242 1190 1370 que hiziesse, y endo yuan tañedo cara
94 1327 1150 1426 coles marinos, y vnos chiflos, hechos,
97 1388 1179 1511 de barro cozido: todos lleuauan acues
96 1483 1165 1602 tas, vnas taleguillas, atadas con v
88 1560 1183 1673 nos cordelejos de ichtli, con vnas borlas
99 1624 1162 1750 alcabo: y de otras colgauan, vnas ti
91 1702 1198 1836 ras de papel, pintadas, cosidas, con las
90 1793 1199 1906 mjsmas talegas, que llamauan Yiequa
94 1864 1189 1987 chtli: y en aquellas talegas, lleuaua
106 1918 1161 2038 vna manera de harina, hecha ala
109 2004 1164 2125 manera de estiercol de ratones, que
112 2082 1170 2191 ellos llamauan yiaqualli, que era cō
105 2132 1171 2251 ficionada, con tinta, y con poluos, de
124 2219 1142 2332 vna yerua, que ellos llaman yietl,
111 2288 1171 2397 que es como beleños de castilla: yua
135 2372 1162 2457 delante de todos estos, vn satrapa co
117 2430 1153 2530 si incensario, lleno de brasas, y con
118 2496 1153 2606 su talega de copal, todos ellos lleua
103 2561 1168 2675 uan vna penca de maguey corta, en
88 2632 1166 2749 que yuan hincadas las espinas, que
106 2702 1159 2806 cada vno auja de oastar, delante de
94 2749 1144 2880 todos estos, yua vno de aquellos, que
76 2821 1153 2947 llamauan quaquacujltin: y lleuaua
82 2907 1148 3014 en el hombro vna tabla tan larga, cō
88 2987 1188 3077 mo dos bracos tan ancha, como vn pal
72 3038 1180 3145 mo, o poco mas: yuan dentro desta ta
70 3093 1160 3213 bla, vnas sonajas, y el que la llgua
75 3152 1160 3277 ua, yua sonando con ellas: llamauā
63 3245 1159 3365 aesta tabla, aiochicaoaztli, onaoal
60 3317 1161 3411 quaujtl. Todos los satrapas yuan enes
55 3385 1154 3494 ta procession, solos quatro de xauan
48 3444 1182 3556 enel calmecac, que era su monesterio:
48 3512 1149 3628 los quales guardauan, entre tanto q̄
43 3563 1158 3724 ellos yuan a cumplir sus deuocionos:
46 3654 1158 3810 estos quatro se occupauan en cantar, y
1420 17 2148 197 Etzalqualiztli.
2241 50 2517 211 fo. 4o.
1282 234 2352 358 tiuh: aocac ce onmocaoā calme
1277 329 2424 472 oac, cemjchictiuh, cactimoquetza,
1279 428 2375 544 cac tiuetzi in calmecac. Auh çan
1269 544 2423 659 naujntin in vmpa onmocaoa cuj
1277 625 2387 751 canjme, cujcatoque, teponacoto
1276 726 2391 880 que, aiochiuhtoque, aiacachoto
1279 829 2383 965 que: qujpitztoque in qujqujztli,
1261 922 2362 1073 qujqujcotoque. Auh yno acito
1270 1040 2337 1188 atenco, yn jnnealtiaia tlama
1270 1145 2377 1272 cazque: nauhcampa in manca
1271 1261 2375 1370 yn aiauhcalli, njman ie ic netete
1267 1331 2373 1444 co, netlalilo, tlatzitzilca, tlaviuj
1269 1433 2383 1562 ioca, tlacuecuechca, netlantzitzi
1252 1537 2347 1652 litzalo: in ie iuhquj njman ictla
1260 1623 2395 1762 toa, in veue itoca chalchiuhqua
1269 1730 2379 1875 qujlli: qujtoa. Coatl ycomocaia,
1256 1829 2375 1978 amoiotl ycaoacaian, atapalcatl
1254 1931 2370 2084 ynechiccanaoan, aztapilcuecue
1253 2012 2347 2169 tlacaian: yn oconjto y, njman ie
1240 2129 2377 2257 ic onnetepeoalon atla, tlachacha
1258 2233 2372 2377 quatztinemj, yn atlan, tlamauj
1242 2347 2353 2463 tectinemj, tlacxiujtectinemj, a
1248 2458 2344 2588 tlacxiuitectinemj, tzatzitinemj,
1244 2533 2324 2681 ycaoacatinemj, qujntlaiehecal
1242 2662 2353 2775 huja yn ixqujchtin totome: cequj
1239 2730 2333 2871 canauhtlatoa, tlacaçauja, ceq̄n
1234 2827 2347 2982 tin qujntlaiehecalhuja, in pihpitz
1234 2948 2341 3089 ti, pipitztlatoa: cequjntin qujn
1244 3048 2347 3183 tlaiehecalhuja, yn acacalome, a
1232 3148 2323 3308 cacalotlatoa: cequjntin aztatla
1223 3274 2324 3405 toa, cequjntin axoquentlatoa,
1228 3367 2345 3524 cequjn tocujlcoiotlatoa: yn vncan
1232 3496 2327 3621 maltiaia yn, tlanepantla man
1234 3584 2329 3705 ca in cuenmantli: naujlhujtl y
1227 3662 2355 3821 njuh mochioaia yn: auh yn ie iuh
