2626 4216
177 83 1003 251 de los embustes
36 294 1160 453 gur que se llama texcalapa, conto
49 410 1166 563 da la gente, que no se podia con
43 475 1148 631 tar, ansi mancebos como mocas. J
48 584 1166 726 començo adancar, y baylar, y can
54 679 1159 817 tar el dicho nigromantico titlaca
54 761 1186 922 ban, tanjendo el atambor: y toda
56 871 1136 1009 lagente ansi comencaua abay
64 951 1176 1127 ar y holgarse mucho, cantando el
66 1039 1180 1222 derso que cantaua, el dicho nigro
67 1153 1133 1308 mantico, diziendo y cantando,
71 1263 1167 1400 cada verso, alos que dançauan,
78 1356 1161 1526 cuego comencauan todos a cantar.
71 1437 1206 1611 el mjsmo verso, aunque no sabian
88 1541 1210 1692 de memoria el cantar. J comenca
92 1649 1191 1813 uan acantar, y baylar, ala pues
83 1752 1175 1904 ta del sol, hasta cerca la media
94 1870 1189 2017 noche, que se llamaua tlatlapitza
108 1949 1247 2128 Espa: y porque era muy mucha
120 2071 1199 2232 gente, la que dancaua, empu
121 2144 1178 2292 cauanse vnos aotros, y muy
110 2251 1208 2376 muchos dellos cayan despeñadose
114 2348 1223 2497 en el barranco del rio, que se lla
108 2468 1247 2596 ma, texcalatlauhco, yse conuer
102 2540 1225 2708 ñan en piedras: y enel dicho rio
110 2648 1205 2806 auja vna puente de piedra: y
116 2726 1225 2913 El dicho nigromantico quebrola
90 2816 1186 2974 todos los que yuan apasar,
101 2923 1217 3085 por la dicha puente, cayanse
99 3033 1200 3193 y despeñauanse en el dicho rio,
116 3118 1207 3286 y se bolujan enpiedras. Jtodo
111 3230 1249 3411 esto que hazia, el dicho nigromā
125 3348 1208 3481 tico, no sentian, nj mirauan,
111 3415 1205 3580 los dichos tultecas, porque esta
111 3514 1213 3680 uan como borrachos, sin seso:
112 3618 1237 3793 Y todas las vezes, que baylauan
120 3719 1248 3872 y dançauan los dichos tultecas,
149 3816 1299 3975 como se empuxauan, vnos a otros
1358 49 2546 227 de fitlaçaoa. B. 16.
1225 223 2440 427 quiz in ixqujch in telpochtli inich
1224 357 2429 538 pochtli, amoçantlapoaltin, vel ixa
1224 475 2399 628 chintin, njma ieic peoa in cujca
1219 578 2419 730 in tlacateculotl, tlatzotzona, qui
1249 700 2410 853 tzotzona, in jveveuh, njmanie ic
1244 810 2451 954 netotilo, iuhquintlachocholivi, neha
1249 935 2447 1074 ano, necujtlanaoalo, cenca pacoa,
1245 1053 2425 1214 in cujco, xaxamacatimanj in eujcatl
1252 1154 2412 1351 yoan caoantimanj: auh in cujcatl,
1250 1285 2444 1445 in meoaia çan vncan in quipictica
1258 1411 2414 1569 ca: auh inquac, cuicatlacaio,
1275 1519 2420 1728 çannjmā qujnanquiliaia: itenpā
1273 1642 2429 1843 çanaia in euicatl, auh in peoaia.
1273 1775 2430 1941 in cujcoanoliztli tlapoiaoa: auh
1293 1884 2460 2083 in mocaoaia tlatlapitzalizpa: auh
1276 2035 2508 2194 in quac nototiloia tlatlaxoqujma:
1292 2146 2478 2318 nexoxocoloia, cenca miequjntin
1290 2267 2509 2459 omotepeoaia in tepexic, in atlauh
1296 2435 2480 2562 co, muchintin vmpa miquja, ni
1302 2548 2498 2695 man teme mocuepaia: auh in oc
1311 2660 2467 2829 cequjntin, texcalatlauhco, intlaca
1298 2787 2465 2947 tecolutl njma conpoztec inpano
1299 2890 2495 3054 oam: auh inpanooanj tetl catca
1309 3045 2471 3177 can njma muchintin vnca ovetz
1320 3175 2492 3360 que, in atl in vncan panooa mo
1326 3297 2499 3464 chteme mocuepque: auh injuh
1318 3442 2509 3609 muchioaia y, aocmo quenqujma
1336 3563 2542 3728 tia in tulteca, iuhqujnoivintiq̄.
1331 3698 2536 3853 auh miecpa cujcoanoloia in vcan
1335 3818 2512 3977 texcalappan, auh in quetzquipa
2502 4001 2577 4122 r
