2494 4036
217 22 789 230 de la fiesta:
42 259 1083 393 clauos, todos aquellos cinco dias:
60 353 1101 483 y tambien ayunauan, los viejos
59 449 1065 555 de los barrios, comjan al medio
54 535 1112 671 dia, por el ayuno: y bañauanse
49 612 1085 727 ala media noche, por la penj
57 722 1088 851 tencia, en los oratorios, que se
55 784 1111 954 llaman aiauh calco: los quales
61 877 1100 1017 estauan ala orilla del rio: las
62 983 1094 1126 mugeres señoras, de aquellos
73 1064 1128 1198 es clauos, bañauanse enel agua
71 1157 1087 1302 que passaua cabe sus casas.
70 1231 1129 1389 Los que se banauan, lleuauā
60 1324 1139 1461 quatro puntas de maguey ca
64 1403 1131 1558 da vno: y antes que se baña
58 1505 1118 1641 ssen, cortauanse las orejas,
57 1604 1103 1751 y con la sangre que salia, en
70 1700 1129 1855 sangrentauan las puntas de
70 1786 1141 1947 maguey, la vna echauan en
72 1879 1125 2053 el agua, la otra hincauan a
69 1980 1108 2112 la orilla del agua: otras dos
75 2074 1128 2217 ofrecian al ydolo, que estaua
84 2159 1139 2306 en aquel oratorio de aiauhcal
88 2252 1127 2403 co: las mugeres que se baña
105 2360 1175 2506 dan, cabe sus casas, en sandre
104 2433 1175 2576 uan vna punta de maguey
90 2524 1150 2639 y hincauanla ala orilla del a
91 2623 1145 2767 gua. Acabado los quatro dias
99 2738 1132 2875 de la peniteneia, juntauanse
88 2799 1154 2962 con los esclauos, y esclauas, los
84 2898 1181 3035 dueños dellos, hombres y mugeres,
72 2997 1140 3137 y tambien los que aujan de su
86 3095 1116 3230 bir al cu, y los que los aujan
87 3176 1168 3328 de descendir, despues de muertos
80 3243 1166 3396 ylas que los aujan, de lauarlas
99 3353 1142 3487 caras, y tambien los que auj
88 3442 1181 3578 an de lleuar, las vanderillas, de
85 3550 1150 3698 lante dellos todos juntos, se tra
88 3619 1181 3776 uauan por las maños, hombres
107 3713 1168 3873 y mugeres, y yuan dancando, y
1371 32 2442 203 Panquetzaliztli. fo4.
1162 248 2332 363 can oneoa in calpulco. Auh in
1176 346 2320 519 cioatl toaltiz, çan vncā mja
1176 453 2324 601 tenco ommaltia: cevitztli cō
1186 576 2336 751 quetza atenco ezço: auh motzō
1174 702 2324 902 qujz navilhujtl, mjcmocaoa:
1191 802 2365 971 njma ic oaliooa in coanecujlo
1177 929 2398 1074 lo, coanecujloa itlaaltilti, yoā
1199 1050 2405 1216 in tealtique, yoan inteanque
1213 1150 2390 1351 joan ntetemovique, yna ii
1196 1269 2399 1454 panoaque, yoan in teixamjque
1208 1379 2328 1541 cioa: in mocaoa: aquac intla
1196 1523 2370 1708 tlapitzalo. Auh mjc moteneoa
1219 1639 2323 1808 coanecujlolo, maana, motec
1213 1769 2334 1926 pana: mjcmaanaiaoalli, aço
1221 1885 2363 2028 toli, anoço mecatl in qujtaoal
1211 1992 2365 2128 lalia; in tlaaltilti intlan aac
1216 2091 2368 2291 tivi, cenca motlatlaloa, chichi
1219 2198 2378 2375 tonj, vivicanj, iuhqujn tlaixto
1226 2315 2362 2509 tochca, iuhqujn tlacica: moia
1221 2462 2398 2593 iaoaloa, amocujca, amo macuj
1238 2580 2437 2713 ca. Auh in calpril vevetque qujn
1226 2687 2411 2852 tlatzotzonjlia: auh can joque i
1241 2776 2411 2956 cujca: cequjntin tlatlacta, tlatla
1254 2916 2407 3040 mavieoa: auh cenca tlamaviz
1238 3017 2428 3182 tililoia, cencaqujmaviztilicua
1252 3116 2358 3267 in neçaoaliztli: vel ixqujct
1261 3250 2416 3419 tlacatl, motzitzqujaia: oc cenca
1272 3361 2409 3528 iehoantin, in tealtique, acac
1262 3474 2388 3609 cioacochia; auhin cioa, ano
1271 3589 2409 3751 ac oqujchcochia. Auh mon
1269 3708 2429 3861 necocololoc, njma ceie tlaxiti
