1680 2604
271 35 520 151 libro. 1
53 178 819 276 Y comjan solamente, al medio dia, y ala
70 240 816 318 media noche, beujan vna maçamorra,
65 283 822 381 que se llamaua, tlacujlolatulli, que quj
74 338 841 418 ere dezir: maça morra pintada, con vna
59 386 796 489 flor, puesta encima, enel medio. lla
62 433 824 527 mauase, este ayuno: el ayuno de las flo
60 502 807 590 res. Tambien los que ayunavan, sin
63 553 808 642 dexar el chilli, nj otras cosas sabrosas,
65 604 809 691 que sulen comer: comjan vna vez so
65 665 814 747 la, al medio dia. Otros, ayunavan, co
73 726 806 817 mjendo panes azimos, estoes: que el
72 786 800 871 mahiz, de que se hazia el pan, que
70 839 809 920 comjan: no se cozia con cal, ante de
65 900 828 984 molerlo: que esto es como hormentar:
68 957 812 1042 sino molian, el mahiz seco: y de aque
71 1012 820 1088 lla harjna, hazian pan, y cozianlo en el
68 1076 815 1155 comal: y no comjan chilli, nj otra cosa
63 1135 823 1220 con ello: no comjan mas que vna vez,
64 1182 808 1287 al medio dia. llegado, el qujnto dia,
63 1250 800 1342 era la fiesta, deste dios: enesta fies
66 1311 801 1392 ta, vno se componja, con los ataujos,
66 1372 812 1471 deste dios: como si fuera, su ymagen,
73 1415 819 1519 o persona, que significaua al mjsmo
66 1489 805 1567 dios. Con este, hazian areyto: con ca
70 1541 782 1634 tares, y con teponaoaztli, y atambor.
61 1595 776 1680 llegando, al medio dia, desta fiesta:
68 1653 806 1733 descabeçauan muchas codornizes: derra
66 1693 811 1804 mando la sangre, delante deste dios, y
67 1737 808 1846 de su ymagen: otros sangrauanse, de
55 1795 825 1893 las orejas, delante del: otros traspassa
59 1830 820 1955 uan, las lenguas, con vna punta de ma
53 1909 811 2023 guey: y por aquel agujero, passauan,
68 1936 821 2048 muchas mjmbres delgadas: derraman
58 2002 808 2110 do sangre. Tambien le hazian, otras
57 2040 814 2165 ofrendas, ensu templo: hazian tambiē,
58 2102 817 2201 vna cerimonja, que hazian cinco tama
58 2157 795 2257 les: son como panes redondos, hechos
64 2207 787 2309 de mahiz: nj bien rollizos, nj bien re
57 2251 816 2358 dondos, que se llamauan, pan de ayu
57 2315 792 2402 no: eran grandes, encima de los qua
59 2352 822 2452 les, yua vna saeta, hincada: que llama
55 2402 798 2490 van xuchmjtl: Esta era ofrenda, de
56 2447 804 2538 todo el pueblo: los particulares, que que
931 41 1322 159 de los dioses.
861 172 1641 274 in ie nepantla tonatiuh, tlacotonalo
867 255 1625 357 ia, necuoaia, tlacoqujxtiloia: yoā
871 335 1631 446 tlamanjliloia yn jteupan, macujl
867 397 1617 516 tetl in qujchiujliaia, tamalli: mj
866 501 1628 602 toaia tlacatlaqualli, cenca vevey,
883 574 1616 708 ipan ycatiuh xuchmjtl: yn aca
878 646 1647 798 quauhcaxitl ynjc conmanjliaia,
877 753 1631 873 yoan contoqujliaia oc no macuil
868 848 1651 974 tetl tamaltepitoton, mollotiuja:
875 920 1660 1067 yoan vntetl tzoalli yiol poujia,
864 1020 1618 1141 no cecnj quauhcaxtica, manti
872 1103 1619 1219 via, centetl tliltic, centetl tla
856 1200 1624 1330 tlauhquj. Auh yn aca izqujtl,
868 1311 1629 1428 anoço necuzqujtl, anoço xone
861 1382 1625 1517 cujlli, papalotlaxcalli, iotlaxca
857 1505 1642 1606 lli, tzooallaxcalli, tzooalchimalli,
852 1616 1639 1709 tzooalmjtl, tzooalmaquaujtl, tzo
854 1698 1633 1810 oalnenetl: yoan noujian oalcaoa
857 1781 1622 1895 loia, in mamalti njcan mexico,
852 1876 1581 1995 moteneoa maltequjme, ynjx
849 1955 1615 2089 qujch techiaoalotoc, yn iauten
858 2056 1654 2166 oaque, yn iaotenco onoque, qujn
850 2130 1627 2253 oalcaoaia yn jnmalhoan, ynjn
845 2230 1583 2350 tlaaxioan, in maltequjhoan,
842 2324 1583 2425 muchioaia: njcan qujnpiaia,
848 2409 1584 2526 yn calpixque, incacalpixque.
