2670 4224
472 7 862 215 Libt
82 254 1312 417 ysesenta dias: y despues torna
87 374 1264 501 uan alprincipio. El primer
84 475 1281 627 caracter: se llama cipactli, que
87 580 1318 745 qujere dezir, vn espadarte: que
93 706 1292 870 es pez, que viue en la mar: y
88 805 1277 976 es, principio, de todos los carac
103 898 1294 1084 teres: que hazen, y cuentan ca
100 1009 1303 1171 da dia: hastaque hazen vn cir
98 1131 1313 1309 culo, de dozientos, y sesenta di
85 1248 1289 1430 as: y comjença la cuenta de
88 1362 1283 1576 los dias, dando acada carac
99 1478 1313 1643 ter treze dias: que sellama a
96 1607 1286 1760 no delos caracteres. El pri
115 1725 1251 1872 mero didode los treze, es de
98 1845 1345 2018 primero caracter: que sellama
112 1965 1297 2141 cipactli. El segundo, de otro
106 2084 1290 2270 caxacter: que sellama acatl.
99 2169 1294 2384 que qujere dezir: cañā. El ter
112 2315 1322 2462 cero dia, es de otro caractor.
108 2435 1303 2585 que sellama calli, que quje
108 2534 1324 2736 re dezir: casa. El quarto dia
102 2636 1337 2804 es de otro caracter, que sella
117 2764 1299 2889 ma cuetzpalin, que qujexe
118 2857 1367 3029 dezir la gartija. El qujnto dia
112 2948 1395 3104 es de otro caracter: que sellama
118 3083 1381 3229 coatl, que qujexe dezir: culebra
101 3194 1369 3351 El sexto dia, es de otro caracter:
115 3286 1335 3483 que sellama mjqujztli, que quj
119 3387 1364 3562 ere dezir: muaytertte. lseptimo
117 3524 1346 3663 dia, es de otro caracter: que se
106 3618 1355 3755 llama macatl, que qujere dezir
119 3720 1361 3870 cieruo. El octauo dia, es de otro
107 3823 1310 3993 caracter, que sellama tochtli,
1492 32 1665 242 q..
1355 189 2589 421 injc otlatocatiuh ce xivitl: ecenga
1355 362 2579 540 itzintlan oalpeoa, i cecemjlhiujtl,
1348 496 2570 681 tlapoalli. itzititlan palpeoa.
1362 618 2538 878 Tctito tonalpoalli ytoca ce
1376 817 2566 1012 cipactli: vei ipeutca, vel itzin in
1375 907 2577 1091 cemjllujtlapoalli, ynjc vmpeuti
1372 1073 2554 1222 tiutt, o ttla tocatiuti, ioon mjc on
1377 1197 2588 1370 tlantiuti ce xivitl. Enjn natlac
1372 1323 2544 1502 Tett vmei in tonalli, in iuhquj.
1379 1449 2583 1632 tlavillanoan muchoa, yn jtecti
1373 1609 2494 1825 povt. Jehoatl i vme acanl, ey
1381 1723 2612 1909 calli, navl cuetzpali, macujlli çoal,
1387 1886 2538 2085 chiqujacen mjqujztli, chicome
1390 2019 2581 2252 maçadl, effçuel tecadli, ctcuma
1381 2148 2567 2380 lit. at. catueeizcumtl. Tias
1391 2268 2568 2523 tacaga, acolco. Pauotitaugo
1389 2463 2606 2646 cin tome, in auenaili, mauaçeli quj
1392 2574 2607 2777 xcatl. Ixjzqujtetl i tonalui:ul
1400 2728 2570 2928 mnjto aca, muese qualli: in aquj
1415 2846 2584 3043 ipan tucontra pilli, mjtea. e
1422 2993 2579 3188 cutizi, tlatocatiz, in otlacamatiz,
1424 3092 2549 3322 mocujltonoz, mptlamachtiz:
1384 3252 2591 3463 Auh m elamaçeoalliz, ap ott tlaça
1414 3366 2605 3561 tia, oqujchtiz, tiacauhtt, inoa
1418 3537 2606 3717 viztez, panvetziz, motlecotiz, on
1405 3628 2590 3863 çaqujquanjlez, auli nn tlacipdli.
1413 3850 2597 3981 ipan tlacatiqznomotlacatnatizi,
