2634 4228
566 86 968 242 tipendiz
145 262 1336 427 Rodos los dias del mundo, ofreci
149 393 1344 497 an sangre, y incienso, al sol, luego
152 493 1318 607 en saciendo por la mañana. O fre
157 558 1339 700 cianle sangre, de las orejas, y san
165 647 1330 790 gre de codornizes: alas quales a
153 741 1339 859 rrancandolas la cabeça, corrien
137 819 1343 968 do sangre: las alçauan hazia el
166 941 1353 1066 sol, como ofreciendole aquella
169 1025 1319 1168 sangre. Y haziendo esto, dezian:
148 1103 1333 1243 ya ha salido el sol, que se llama to
147 1190 1345 1329 nametl, xiuhpiltontli, quauhtleoa
161 1298 1334 1405 njtl: no sabemos como cumplira su
165 1350 1340 1497 camjno; este dia: nj sabemos si acon
148 1457 1321 1592 tecera algun infortunjo ala gente.
165 1559 1354 1679 Y luego enderecauan sus palabras al
166 1645 1309 1758 mjsmo sol, diziendo. Señor nuestro
150 1731 1333 1855 haze prosperamente vro officio. Esto
159 1832 1344 1919 se hazzia cada dia, a la salida del sol.
159 1905 1354 2032 Ofrecianle incienso, quatro vezes ca
158 1987 1322 2103 da dia, y cinco vezes de noche. Vna
157 2077 1339 2185 vez a la salida del sol, otra vez ala ho
153 2169 1321 2284 ra de tercia, otra vez a la hora del
153 2249 1334 2387 medio dia, la quarta vez ala puesta
159 2351 1339 2470 del sol. De noche le ofrecian encien
153 2436 1324 2558 so: la primera vez quando yaera
157 2517 1334 2653 bien de noche: la segunda vez, quan
145 2611 1318 2723 do ya todos se querian echar ador
150 2694 1317 2827 mjr: la tercera vez, quando comen
148 2771 1308 2906 cauan atañer, para leuantarse
144 2855 1315 2996 a maytines: la quarta vez, vn po
154 2948 1321 3085 co despues, de media noche: ilaqujn
152 3058 1309 3166 ta vez, vn poco antes, que rum
151 3122 1298 3259 piesse el alua. Y quando ala pri
156 3213 1315 3338 ma noche, ofrecian incienso: salu
148 3299 1346 3390 dauan ala noche diziendo. El señor
142 3382 1315 3521 de la noche, ya ha salido, que se lla
151 3480 1291 3587 ma ioaltecutli: no sabemos como
148 3564 1309 3691 hara su officio o su curso. La fies
134 3651 1314 3791 ta deste ioaltecutli, caya, y se cele
142 3753 1320 3876 braua, enel signo: que se llamana
141 3825 1302 3970 uj ollin, adozientos y tres dias de
129 3912 1301 4047 la cuenta, del tonal a matl. Quatro
1522 96 2138 268 dlel libro. 2.
1461 237 2581 447 Jnmumuztlae in iquac valqujçoā
1423 404 2585 582 tonatiuh, tlacotonaloia yoan tleno
1430 519 2594 636 macoia. Auh injc tlacotonaloiac q̄ul
1434 631 2576 780 quechcotonaia in colin, comavilia
1432 755 2596 917 ia in tonatiuh, yoan qujtlapalovā
1438 848 2617 1017 ia: qujtoaia Oquicaco intonatilia
1421 981 2610 1147 in tonametl, xiuhpiltontli, in quaua
1427 1101 2604 1253 tlevanjtl: auh quen onotlatocaz, qu
1419 1227 2580 1388 cemilhujtiz, cujx itla ipan moch
1423 1334 2572 1514 vatz in jcujtlapil, in jiatlapal conjl
1444 1481 2600 1634 viaia. NNaximotequjtili maxjtli
1429 1594 2585 1756 tlacotili, totecujoe: auh injn mutia
1432 1734 2584 1900 tlae iuhmuchivaia in iquac valq
1429 1853 2587 2006 caia tonatiuh mjtoaia. Auh itlh
1428 1965 2579 2154 tlenamacoia, nappa in cemjlhiujla,
1427 2122 2582 2279 auh macujlpa in iovaltica. Jnjcta
1434 2238 2590 2392 pa iquac invalmomana tonatiula
1441 2370 2560 2553 Jnjc vppa iquac in tlaqualizpa i,
1414 2476 2563 2676 auh injc ixpa iquac innepada
1423 2618 2551 2771 tonatiuh, auh injc nappa iqula
1426 2726 2531 2884 in ie oncalaquj tonatiuh. Auh i
1426 2852 2525 2990 valtica, injc tlenamacoia. Injo
1427 2957 2558 3129 ceppa tlapoiaoa. Injc vppa nic
1438 3066 2572 3244 quilizpan. Jnjc expa tlatlapil
1417 3184 2555 3369 lipan, auh mjc Nappa tlcatla
1427 3316 2571 3474 auh injc macujlpa tlatvinavia
1417 3434 2587 3624 auh in iquac tlapojaua tlenatla
1412 3564 2582 3738 coia tlapaloloia, in iovalli mjtoal
1411 3691 2558 3857 Ovalcouh in iovaltecutli in iaca
1405 3775 2572 3961 viztli, auh quen onvetziz, inje
1411 3923 2554 4073 qujuh. Auh inilhujuh qujçail
