1912 2724
1603 -69 1704 60 n gi
663 46 1045 194 rologo
200 169 1688 287 El miedico no puede Acertadamente aplicar Las medicinas al enfermo
221 250 1737 365 que primero conozca: de que humor, o de que causa procede la enfermedad. De ma
207 315 1731 406 nera que el buen medico conuiene sea docto en el conocimiento de las medecinas
212 352 1746 496 y en el de las enfermedades para aplicar conueniblemente a cada enfermedad
221 414 1755 544 la medicina contraria. Los predicadores, y confesores, medicos son delas animas
204 475 1752 629 para curar las enfermedades espirituales : conuienetengā esperitia de las
208 533 1760 664 medicinas y de las enfermedades espirituales. El Predicador de los Vicios de
216 612 1747 730 la Republica para enderecar contra ellos su doctrina, y el confessor para sauer
207 645 1763 826 preguntar lo que conuiene y entender lo que dixeren tocante a su officio: conuje
207 744 1761 865 mucho que sepan lo necessario para exerçitar sus officios. Ni conuiene se descuy
204 786 1735 925 den los ministros desta conuersion con dezir que entre esta gente no ay mas
207 842 1739 1008 peccados, de borrachera, hurto y carnalidad. Porque otros muchos peccadsos
208 906 1765 1063 ay entre ellos muy mas graues y que tienen grannecessidad de Remedi.
210 983 1777 1125 los peccados de la ydolatria, y ritos ydolatricos, y suprestiçiones y dola
205 1077 1762 1185 tricas y agueros, y abusiones, ycerimonias ydolatricas : no son aun perdi
212 1134 1778 1272 das del todo. Para predicar contra estas cosas y aun para sauer si las ay: me
207 1158 1801 1318 nester es, de saber como las vsauā en tiempo de su ydolatria : que por falta,
215 1240 1782 1386 de no saber esto en nr̄a presencia hazen muchas cosas ydolatricas : sin que
212 1323 1790 1473 lo entendamos. Y dizen algunos escusandolos : que son bouerias o niñerias
207 1381 1770 1540 por ygnoran la Raiz de donde salen : (que es mera ydolatria.) Y los confe
208 1442 1765 1609 sores ni se las preguntan ni piensan que ay tal cossa ni sauen lenguaje para
218 1510 1766 1667 se lo preguntar ni aun lo entenderan aunque se lodigan : pues porque los
220 1580 1782 1723 ministros del euangelio que subçederan a los que primero binieron en la,
214 1662 1779 1791 cultura desta nueua vina del señor no tengan ocassion de quexarse de
211 1733 1782 1853 Los primeros por haber dexado a escuras las cosas destos naturales desta,
203 1813 1771 1930 nueua españa, yo fray bernardino de saagun frayle professo de la orde
212 1860 1780 1996 de nr̄o seraphico padre san francisco de la obseruancia. natural de la
200 1930 1791 2078 villa de sahagun en canpos por mandado del muy R.do P.c el P.e fras
211 1997 1798 2153 franco toral prouinçial desta prouincia del santo evangelio y despues
207 2070 1779 2221 Obispo de campech, y yucatā: escreui doze libros de las cosas diuinas
195 2134 1796 2283 o pormejor dezir ydolatricas y humanas y naturales desta nueua españa,
201 2198 1793 2348 El primero de las quales trata de los dioses y diosas que estos naturales
210 2272 1756 2431 adorauan. El segundo de las fiestas conque los honrtauan. El tercero
210 2370 1797 2472 de la immortalidad del anima y de los lugares a donde dezian que yban
216 2447 1765 2569 las almas desque salian de los cuerpos y de las sufragias y obsequias
206 2497 1784 2639 que harian por los muertos et. El quarto libro tracta de la astrolo
210 2574 1778 2727 gra judiçiaria que estos naturales vsauan para sauer la fortuna
