1764 2602
213 35 581 156 Capitulo. 16.
129 155 870 256 ujos, conforme alo que cantan: porque
147 247 858 312 vsan diuersissimos meneos, y diuersissi
141 282 864 353 mos tonos, enel cantar: pero todo muy
16 309 876 407 Hos que de agraçiado, y aun muy mistico. llegado
22 368 136 421 ydola trjo
150 369 872 446 como esta dicho, la ymagen deste dios,
15 410 136 465 esta ta lo
152 426 872 504 ala casa, del que la festajua: lo prime
148 469 879 557 ro que hazian: era, comer, y beuer: des
144 517 871 599 pues de lo qual, començauan la dança, y
145 562 825 639 cantar del dios: aqujen festejauan.
144 615 876 685 Despues que este dios, auja baylado, con
149 659 876 725 los demas, gran rato: entraua dentro
145 706 846 793 de casa, ala bodega: donde estaua el
141 756 878 845 pulcre, o vino, que ellos vsauan: enmu
148 806 884 885 chas tinajas, todas atapadas, con tablas
155 851 877 939 o comales enbarrados: las quales, aujā
156 901 885 991 quatro dias, que estauan atapadas. Es
157 952 878 1041 te dios, abria vna, o muchas: y aeste
159 1010 868 1095 abrimjento, llamavan tlaiacaxapotla
162 1068 874 1153 qujere dezir, esto: abrimjento prime
161 1116 867 1204 ro, o vino nueuo. hecho esta, abri
169 1170 870 1254 mjento: el, y los que yuan conel, beuj
173 1221 866 1303 an de aquel vino: y salianse fuera,
165 1280 864 1337 al patio, al patio de la casa: donde se
164 1323 877 1400 hazia la fiesta. Y yuan donde estauā
156 1369 876 1446 las tinajas, del agua negra: que eran,
161 1420 884 1499 dedicadas ael: y aujan estado cerradas,
158 1468 861 1544 quatro dias: y abrialas, este mjsmo: q̄
171 1511 855 1585 era la ymagen deste dios. Y si despues
171 1559 856 1631 de abiertas, estas tinajas, parecia en
164 1601 864 1683 algunas dellas, alguna suziedad: como
176 1648 883 1724 alguna pajuela, o cabello, o pelo, o carbō:
160 1692 883 1764 luego dezian, que elque hazia, la fiesta:
170 1736 871 1797 era hombre de mala vida, adultero, o la
168 1793 869 1853 dron, o dado al vicio carnal: y entonce,
158 1828 865 1900 le afrontauan, con dezirle: que alguno.
165 1876 867 1939 de aquellos vicios, estauan enel: oque e
167 1915 888 1984 ra sembrador, de discordias, o de zizañas:
170 1956 865 2036 afrontauanle, en presencia de todos. Y
167 2017 874 2079 quando aquel, que era la ymagen des
164 2058 878 2116 te dios: salia de aquella casa, dauanle mā
166 2100 852 2166 tas: las quales llamauan, ixquen: que
164 2142 863 2205 qujere dezir, cubertura de la cara: por
157 2183 857 2256 que quedaua, auergonçado, aquel
159 2229 858 2303 que auja hecho, la fiesta: si alguna
159 2258 876 2341 falta, se hallaua, enel agua negra. la
163 2303 874 2375 manera de ataujos, deste dios, se pon
160 2350 590 2429 dra al fin deste libro.
944 54 1357 158 de Ixtlilton.
1538 62 1703 167 fo. 15.
911 165 1680 266 tzontli, intla tecolli, vncan vetztoc:
909 250 1667 359 ic mjtoaia, aço tetlaxima, açoich
904 335 1671 432 tec, anoço ahavilnemj, mahavil
912 415 1655 524 tia: ac aço tlacacemelle, in tlato
908 502 1681 594 tia, ic qujxmotlaia, qujxcoma
910 581 1651 692 caia, qujxpantia: ic mjtoaia,
924 678 1665 772 tetzalan, tenepantla moteca:
915 778 1647 891 iehica, ca qujteixcomaca, quj
912 857 1644 975 teixpantia, ic teixmotla, ynte
920 930 1669 1053 tlatlacul. Auh ynjc oalquiça
917 1023 1680 1132 techā, quachtli yn qujmacaia
922 1094 1674 1218 motocaiotia, ixquen. Jnic mu
919 1188 1655 1301 chichioaia, moçac, mocemjxtlil
924 1268 1678 1390 popotz, mjxticatlatlali, yn jcama
928 1352 1687 1491 pa: tecpaquachichiqujle, quetza
919 1444 1697 1585 llo, cueçalvitonquj yn jtlamamal,
917 1530 1703 1665 ytonalopan ipan icac, totonaloio
925 1619 1672 1746 yn jamaneapan, totonaloio ynj
921 1715 1678 1831 chimal, tlauhio yiollotopil, xopil
917 1806 1690 1919 cuzque, yamamaxtli, tzitzile, co
917 1916 1275 2002 iole, itonalocac.
921 1990 1677 2141 Jnic castolli vmo capitulo, y
927 2107 1661 2214 techpa tlatoa, yn teutl, yn ito
927 2183 1664 2285 ca catca opuchtli: yn qujmo
918 2250 1674 2375 teutiaia ie uecauh, nican tla
919 2347 1021 2417 ca.
