2614 4146
201 93 848 265 dela fiesta:
68 303 1212 405 componjanlos, con los papeles teñjdos de
61 397 1204 535 color encarnado. Al segundo monte
60 487 1208 604 sobre que matauan njños, llamanle
58 559 1207 671 ioaltecatl, es vna sierra emjnente,
57 658 1222 788 que esta cabe guadalope: ponjan el
56 761 1221 870 mjsmo, nombre del monte, a los njños
51 839 1218 968 que alli murian, quees ioaltecatl: co
60 917 1202 1042 ponjanlos con vnos papeles, teñjdos
45 1000 1203 1132 de neoro, con vnas rayas de tinta co
57 1088 1225 1202 lorada. El tercero monte, sobre que
57 1185 1221 1312 matauan njños, se llama tepetzinco,
55 1274 1232 1400 es aquel montezillo, que esta dentro
72 1356 1245 1500 deta laguna, frontero del tlatelulco:
66 1472 1235 1584 alli matauan vna njña, y llamauā
60 1550 1213 1680 la quetzalxoch, porque asi, se llama
56 1643 1218 1799 tambien el monte, por otro nombre: cō
66 1731 1214 1858 ponjanla con vnos papeles, teñjdos de
58 1830 1201 1973 tinta açul. El quarto monte, sobre q̄
52 1927 1216 2066 matauan njños, se llamaua, poiauh
67 2022 1202 2163 tla: es vn monte, que esta en los ter
58 2116 1255 2238 mjnos de tlaxcalla, y alli cabe tepetzin
69 2201 1203 2337 co, ala parte del oriente, tenjan edifi
78 2297 1230 2432 cada vna casa que llamauan, aiauh
63 2393 1195 2521 calli: enesta casa matauan njños, a
70 2482 1219 2630 honrra, de aquel monte: y llamauā
69 2571 1198 2704 los poiauhtla, como al mjsmo monte, q̄
57 2692 1245 2790 esta aculla, en los termjnos de tlaxcalla:
58 2778 1234 2899 componjan los con vnos papeles rayadas
54 2863 1220 2992 con azeyte de vlli. El qujnto lugar,
52 2955 1222 3098 en que matauan njños, era el remoli
51 3034 1226 3198 no, o sumjdero, de la laguna demexi
48 3136 1199 3278 co: alqual llamauan pantitlā, alos
49 3228 1236 3377 que alli murian, llamauan epcoatl:
45 3314 1221 3468 El ataujo, conque los adereçauan, era
31 3431 1197 3557 vnos ataujos, que llamauan epnepa
41 3500 1213 3649 njuhquj. El sexto lugar, o monte, do
36 3581 1208 3736 de matauan estos njños, se llama co
31 3682 1195 3821 cotl: es vn monte que esta cabe chalco
35 3765 1240 3932 atenco: alos njños que alli matauan, lla
1534 97 2049 242 quavitleoa.
2326 143 2594 265 to. 16.
1306 278 2500 412 iotiaia quetzalxoch: yn itlatquj catca
1311 411 2494 544 texotic. Jnic nauhcan, poiauhtlā
1316 513 2487 653 canitzintla, çan ixpan in tepetl, te
1317 620 2484 755 petzinco: itoca ietiujia in miquja
1332 718 2446 884 poiauhtecatl, ynjc muchichiuh
1322 860 2439 1002 tiuja, vlpiiaoac, tlaulujtectli.
1335 961 2484 1132 Jnic macujlcan, vmpa in atl itic
1314 1132 2446 1242 itocaiocan pantitlan, in vmpa,
1317 1214 2462 1374 onmjquja, itoca ietiuh, epcoatl:
1329 1361 2437 1506 yn itlatquj, incaqujtiuja, epnē
1310 1449 2492 1626 panjuhquj. Jnic chiquaceccan: vm
1315 1554 2486 1723 pa qujujcaia cocotl icpac, no itoca
1315 1685 2476 1816 ietiuja cocotl: yn inechichioalcat
1311 1809 2455 1938 ca, chictlapanquj, cec tlapal chi
1320 1932 2463 2099 chiltic, cec tlapal, yiappalli. Jnic
1323 2065 2472 2204 chicoccan, icpac yn jiauhqueme:
1321 2172 2490 2327 çan no itoca ietiuh, yiauhqueme,
1311 2309 2468 2466 in tlacateteujtl: yn jtlatquj ieti
1312 2416 2445 2593 uh, tlacemaqujlli, yn jiappalli
1317 2570 2481 2703 Jzqujcan yn, in miqujia nextla
1307 2673 2427 2790 oalti, tlacateteuhti: auh mu
1320 2772 2482 2937 chinti, yn maxtlatzon ietiuh, que
1311 2908 2459 3065 tzalxixilquj, quetzalmjiaoaio: in
1303 3031 2470 3161 chalchiuhcozquj ietiuh, yoan mo
1306 3143 2452 3280 macuextitiuj, qujmomacuextiti
1300 3240 2421 3412 uj chalchiujtl: tlaixolujlti, quj
1315 3359 2476 3511 mixolhujaia, mjxmichioaujque,
1301 3468 2460 3609 yoan ymolcac, ymolcac ietiuh
1297 3583 2459 3719 muchintin mauizçotiuj, tlacenca
1300 3691 2429 3807 oalti, tlachichioalti, muchi tlaço
1296 3792 2442 3945 tlanquj, yn jntech ietiuh, tlaco
