2568 3972
887 40 1732 227 Del primero libro.
1352 217 2510 329 ti ipan cioacuchiz, anoço cioatl ipatl
60 230 1266 358 chipilli, dezian del que heria con al
1341 311 2479 436 oqujchcuchiz, qujtoaia, qujtlaçolmjc
69 340 1241 482 morranas, y con otras emfermeda
1349 383 2477 511 tiaia yn jnecaoaliz, ic tetech qujtlali
72 463 1267 607 des de las partes secretas: en espe
1341 471 2501 614 aia, in suchiciuiztli, in menexoaliz
1350 568 2477 686 tli, in tlapalanaitiliztli, in quexili,
57 559 1272 698 cial alos que quando le ayunavā,
1340 656 2486 809 ujliztli. Jn ipampa hi, yujc nenetol
65 669 1232 808 su ayuno, el hombre dormja con
1338 758 2480 889 tiloia, ynic qujceuiz, ynjc qujqua
59 776 1243 957 muger, o la muger con hombre: y
1347 841 2498 996 niz in cuculiztli: ipampa qujlhujq̄x
60 893 1247 1059 por este respecto, y por tenerle por
1336 939 2495 1082 tiliaia, qujneçaujliaia, qujtlamanj
76 1017 1248 1171 dios, le hazian fiesta, y le sacri
1339 1022 2509 1172 liaia. Jnjn cavey, yn innetlapololtiliz
1347 1146 2505 1273 in veuetque, yn ipampa iuhquj quj
55 1141 1240 1296 ficavan hombres, y le hazian o
1359 1238 2483 1349 chiuhtinenca. ca atle qujpiaia, atle
72 1253 1254 1433 tras ofertas y votos moujdos, por
1348 1313 2495 1460 qujmatia, in teutlatolli. Auh in ax
55 1374 1080 1547 la locura de su ignorantia.
1351 1401 2474 1539 can, mauel xicmatican, çan vel
1358 1498 2484 1643 izeltzin, izel teutl dios, motepatilia
1363 1616 2488 1746 nj, moteiolitilianj, aiac occe: inj
1361 1693 2503 1863 quac itla topan muchioa, in tecoco,
1084 1739 1195 1911 fe
1359 1786 2498 1920 in tetolinj, çan vel izeltzin, tlatlauh
855 1829 976 1942 .
1355 1889 2476 2022 tiloz, temuloz, iuhca in teutlatolli,
443 1917 511 2039 p
564 1957 696 2068 ol
1363 1995 2486 2136 in tlacpac omjto. C. Oc noce diablo
81 2024 1247 2171 .C. A otro demonjo adoraron, del
1359 2097 2509 2244 qujmoteutiaia, in veuetque, yn itoca
77 2123 1244 2292 qual dixeron, que era el dios de
1364 2185 2491 2334 omacatl, in qujtoaia ca iehoatl ymac
73 2250 1250 2381 los combites, y le llamaron oma
1365 2274 2510 2389 tia in covaiutl, in tecoanotzaliztli, ynjn
76 2359 1257 2491 catl: lleuauan asus conbites, vno
1367 2375 2508 2490 necentlaliliz in tevaniolque: techan vi
1368 2468 2510 2592 coia, vmpa mauiztililoia in ixiptla: oc
74 2458 1266 2612 de sus sacerdotes, vestido de los a
1375 2546 2533 2696 cenca miec tlamantli, itech oqujtotiaque,
81 2597 1263 2764 taujos del dios omacatl: y alli le
1371 2639 2523 2796 ytech oqujtlamjtiaque, in amoculhoā,
74 2684 1260 2845 honrrauan, y reuerentiauan, co
1366 2734 2509 2862 in cucuneiutl, in pipillutl, in iztlaca
67 2810 1287 2942 mo adios, los ciegos y pobres de vrōs
1371 2855 2510 2950 tlatolli, in teuetzqujti, in njman amo
1364 2919 2515 3056 neltoconj. ÇCan no iehoatl iztlilton, ano
80 2918 1268 3085 antepasados. Otro demonjo, ado
1363 3000 2523 3121 ço tlaltetecujn, inteouh catca in veuet
80 3020 1247 3178 raron vrōs antepasados, el qual
1365 3090 2523 3248 que: vn catca yn jtlilauh: no yoan qujl
84 3154 1259 3298 llamaron, ixtlilton: y por otro nō
1378 3187 2509 3336 mach itequjuh, tlaiacaxaputlaia,
1370 3279 2530 3422 vitzmanaia: oc nomjec tlamantli, itech
69 3254 1264 3415 bre, tlaltetecujn. Deste dezian,
1350 3363 2516 3490 tlamjloia: yoan mjec tlamantli, ne
80 3392 1295 3563 que tenja cargo, de encetar, o pro
1366 3438 2531 3601 aviltiliztli, in qujchioaia, yn jncha,
77 3512 1233 3680 bar, las tinajas del pulcre, y de
1366 3553 2528 3716 qujvicaia, yn istlilton; ic neci ca cenca
1380 3620 2533 3797 techoctique, vel tetozqujtenque, in ve
65 3663 1281 3807 que estuujesse muy limpio, ensu
1368 3736 2509 3897 vetque: iehica caqujtieltocaia, ynai
57 3738 1218 3912 templo, el qual era de tablas,
