2718 4352
280 115 980 298 delos mjnjstros
81 1031 1273 1194 Este tecamma teuhoa, tenja cargo
94 1133 1319 1269 de aprestar, las teas, para hazerha
100 1244 1288 1367 chones: y tambien al magre, y tinta,
94 1323 1289 1462 y cotaras: y vnas xaquetas, y cara
110 1401 1264 1540 colitos mariscos: lo qual todo era ne
103 1481 1290 1625 cessarro, para la fiesta del dios del
121 1597 346 1728 fuego.
126 1999 1260 2196 Este tezcatzoncatl, tenja cargo, de
147 2156 1282 2286 aprestar todo lo arriba dicho, para
135 2224 1296 2361 quando se hazia, la fiesta del dios
150 2336 1273 2476 del vino: enel mesque se llamaua
127 2407 518 2530 tepeilhujtl.
142 3507 1322 3687 Este vme tochtli, tenja cargo de
154 3653 1357 3797 aprestar, todo lo arriba dicho, sa
151 3739 1315 3857 ra quando se hazia la fiesta, del
140 3832 1310 3972 dios del vino, que ellamaua
148 3938 1354 4096 vmetochtli: enel mes de tepeilhujtl,
1618 73 2178 278 del templo.
2352 107 2659 245 fo. 130.
1343 290 2528 451 ic monechicovaia amatl inco
1343 412 2530 569 palli, in vlli, yoan in jiauhtli, inj
1352 507 2527 671 techmonequja in tzaputla tenan
1332 662 1957 808 in iquac mjquja
1541 824 2304 1010 Tecanmanteuhoa.
1366 999 2530 1168 Jntecanman ieuhoa iehoatl ipan
1368 1101 2531 1277 tlatovaia in ocutl in tlepilli iez
1385 1235 2547 1437 yoan iehoatl itequjuh catca, in
1371 1355 2522 1545 qujnechicovaia in tlavitl, intlilli
1377 1482 2550 1687 yoan in poçolcactli, in xicolli, in
1374 1616 2560 1813 tzitzilli in jtechmonequja xiuhte
1368 1758 2559 1893 cutli, veueteutl inquac mjquja
1479 1893 2453 2087 Tescatzoncatl vmetochtli,
1382 2064 2555 2242 Intezcatzoncatl vmetochtli, çan
1379 2194 2540 2375 no iehoatl ipantlatovaia in xi
1385 2302 2548 2521 colli, in tzitzilli, in poçolcactli in
1389 2471 2555 2630 amatl in aztatzontli in ocoxo
1380 2616 2579 2773 chitl, ic tlanavatiaia injc mu
1393 2738 2635 2889 chi monechicoz in valcenqujcatz
1379 2875 2581 3042 in ventli in jtechmonequja tesz
1403 2992 2618 3187 catzoncatl inquac mjquja ipā
1379 3147 2416 3324 in tepeilhujtl mochivaia.
1631 3331 2605 3525 Vmetochtliyiauhqueme.
1405 3476 2584 3695 In vmetochtli yiauhqueme ca
1401 3651 2579 3809 ieno iehoatl ipan tlatovaia in
1414 3765 2593 3929 amatl, in copalli in vlli, yoan
1419 3894 2627 4072 in poçolcactli, in tzitzilli, in xicolli,
2541 4123 2590 4228 si
