1926 2582
120 19 1845 137 Capitulo. 35. de la fiesta, y cerimonjas: que se hazian en las calendas del. 16.
128 102 1110 200 mes, que se llamaua. Atemuztli. fol. 90.
127 162 1879 254 Capitulo. 36. de la fiesta, y sacrificios: que e hazian en las calendas, del deci
125 245 1321 324 mo septimo mes, que se llamaua. Tititl. fo. 93.
125 309 1865 429 Capitulo. 37. de la fiesta, y cerimonjas, que se hazian en las calendas, del
127 354 1467 462 decimo octavo mes, que se llamaua. Izcalli. fol. 96.
126 416 1869 541 Capitulo. 38 de la fiesta llamada, Oauhqujltamalqualiztli, que se ha
118 519 1872 610 zian, a los diez dias, del mes arriba dicho, que se hazian a honrra del
118 558 1029 638 dios llamado. Ixcoçauhquj. fol. 102.
232 684 1534 855 ¶ Sumario del apendiz, deste segundo libro:
110 856 1881 966 Relacion, de los mexicanos, cerca de las fiestas de vitzilobuchtli. fol. 107.
108 929 1763 1018 Relacion de la fiesta, que se hazia, de ocho, en ocho años. fol. 108.
112 1015 1735 1120 Relacion de los edificios, del gran templo de mexico. fol. 109.
115 1057 1891 1195 Primeramente el patio, deste templo, tenja doscientas braças en quadro,
110 1141 1847 1255 y mas era todo enlosado, tenja dentro de si, muchos edificios. El pri
117 1214 1849 1288 mero destos edificios, era vna torre, muy alta, que estaua en el me
114 1270 1861 1379 dio, de todo el patio, era edificada a honrra del dios Vitzilobuchtli. ibidē.
103 1337 1359 1464 El segundo edificio, se llamaua, Tlalucan. fol. 110.
110 1438 1805 1526 El tercero edificio se llamaua, macujlcalli, macujlqujaujtl. ibidem.
106 1496 1404 1604 El quarto edificio, se llamaua, Teccizcalli. ibidem.
103 1569 900 1656 El qujnto edificio, se llamaua,
888 1568 1458 1668 Poiauhtlan. ibidem.
125 1640 1653 1710 El sexto edificio, se llamaua, Mixcoapantzompantli. ibidem.
893 1697 1335 1804 Tlalxicco. fol. 111.
99 1704 885 1799 El septimo edificio, se llamaua,
111 1773 876 1870 El octavo edificio, se llamaua,
903 1771 1569 1879 veiquauhxicalco. ibidem.
106 1839 1395 1922 El nono edificio, se llamaua, Tochinco. ibidem.
108 1901 1463 1996 El decimo edificio, se llamaua, teutlalpan. ibidem.
98 1974 1455 2065 El vndecimo edificio, se llamaua, Tlilapan. ibidem.
99 2045 1669 2138 El duodecimo edificio, se llamaua, Tlillan calmecac. ibidem.
97 2111 1632 2201 El tredecimo edificio, se llamaua, Mexico calmecac. ibidem.
99 2178 1346 2271 El quarto decimo, se llamaua, Coacalco. ibidem.
102 2233 1733 2343 El qujnto decimo edificio, se llamaua, Quauhxicalco. ibidem.
112 2318 1769 2397 El decimo sexto edificio, se llamaua, otro, Quauhxicalco. fol. 112.
97 2384 1544 2464 El decimo septimo edificio, se llamaua, Teccalco. ibidem.
