2696 4240
325 73 917 277 dela arte
29 261 1295 430 sitar la rezienparida: y de otros
43 375 1249 573 ritos: que se guardauan en la
49 484 1102 691 çasa, de la rezien parida
31 954 1281 1155 Aquj se pone la cerimonja: que
49 1103 1283 1252 hazian las mugeres, a las rezien
56 1204 1301 1397 paridas: en sabiendo, que alguna
72 1317 1283 1500 parienta: auja parido: luego to
72 1450 1277 1589 das las verinas, y amigas, y pa
69 1552 1293 1682 xientas: yuan avisitarla, para
70 1664 1293 1761 var la criatura que auja naci
62 1740 1298 1890 o.Y antes que entrassen en aque
55 1829 1318 2025 la casa: fregauan se las rodillas con ce
72 1947 1319 2128 njze: y tambien fregauan las rodillas
74 2085 1313 2238 asus njnos, quelleuauan consigo: no
74 2180 1298 2342 solamente las rodillas, mas todas
75 2276 1305 2467 las coyunturas del cuerpo, dezian.
79 2381 1289 2559 Que con esto remediauan las cō
91 2489 1277 2675 yunturas: que nose afloxasen.
80 2632 1299 2797 Nambien hazian otra supersti
94 2721 1337 2901 cion: que quatro dlias arreo ardia
97 2872 1362 3047 el fuego, en la casa de larezien
94 2996 1301 3191 parida: y guardauan estos quatro
95 3112 1317 3281 dias, con mucha diligencia, que
85 3240 1331 3371 nadie sacasse fuera el fuego: por
93 3336 1362 3494 que dezian. Que si sacauan fue
89 3457 1313 3661 go fuera: qujtauan la buen a
103 3589 1413 3746 uantura ala criatura: que auja
118 3740 431 3860 nacido.
1445 65 2649 237 adiujnatoria. fo68
1339 200 2550 386 chioaia in qujmontlapaloa
1332 345 2589 506 ia in mjxiuhque: yoan inoc
1350 468 2639 658 cequj in muchioaia, in vnean
1328 580 2175 778 onoça i jxiuhquj.
1334 960 2643 1107 Iuh njcan mjtoa: in jquac aqujn
1369 1082 2561 1253 tlaotlacatpiltontli: in oconmatque
1355 1157 2577 1351 yoaiolque, in onmachoc, inotepan
1361 1254 2562 1458 ocenman, in otepan onmotecac. Ni
1368 1356 2599 1540 man ic nenechicolo, necenqujxtilo,
1369 1470 2580 1621 in jtlacaiooan, injcujtlaxcolloc eoa,
1378 1549 2615 1706 viloa, pipilioaa in qujtlapalozque, injx
1366 1645 2572 1830 co, cpac, tlachiazque piltontli. Jnj
1367 1785 2614 1942 quac oncalacque, ocie achto concuj
1374 1853 2570 2047 in nextli: ic onmotlanquanexvia
1371 1922 2594 2104 onmomamatiloa: yoan noqujmon
1381 2025 2585 2176 tlanquanexuja, in jnpilhoan, in oc cō
1386 2140 2597 2293 çulti anoço iniemovilana, coione
1366 2233 2624 2372 nemj, in iemoquequetza, in ie imjc
1368 2322 2579 2468 xi ca ana inoqujchpipiltotonti, in
1383 2417 2585 2582 cioapipiltotonti, in telpipuchpipil,
1393 2542 2612 2666 telpucatoton, ichpupuchpipil, ichpu
1395 2619 2618 2790 catoton; novian qujntlatlalilia in
1382 2718 2668 2863 nextli, in jzqujcan in çaçaliuhian
1394 2852 2576 2965 in jmjhilpicaiocan, in jnqueque
1379 2934 2559 3061 iultitect, in jnmolicpi ytech, y
1386 3043 2671 3163 njntzintenpan, in jncujtlacaxiuhian
1402 3125 2622 3268 in jnquechtepultitech in jmaçolpan:
1419 3212 2569 3328 occenca iehoatl in jntlanquac.
1401 3317 2609 3467 Iuh mjtoa, qujlmachic amo tlan
1415 3420 2609 3551 quananatzinjzque: auh intlaca
1416 3539 2594 3648 mo yuh muchioa, tlanquanana
1418 3612 2627 3752 tzinjzque: yoan nanatzinjz, in jz
1423 3709 2615 3832 qujcan in cacaliuhian. Auh yoan
1414 3790 2620 3955 navilhujtl in vel qujpia tletl: aque
