2724 4320
336 97 1070 285 dlelos ofienddas
85 412 1293 576 Vfrecian muchas cosas, en las casas
95 520 1254 653 que llaman calpulli, que eran
86 568 1314 751 como yglesias, delos barrios, don
86 672 1298 839 de se juntauan, todos los de aquel
65 782 1299 921 barrio, ansi aofrecer, como aotras
76 862 1276 1012 cerimonjas muchas, que alli se
80 964 1275 1110 hazian. O frecian comjda y ma
82 1051 1293 1200 tas, y aues y maçorcas de mahiz,
88 1161 1255 1317 y chian, y fricoles, y flores: esto
84 1239 1287 1411 ofrecian, las mugeres, o donzellas
87 1344 1292 1505 por casar: pero en los oratorios de
96 1450 1272 1589 sus casas, no ofrecian sino comj
98 1527 1283 1678 da, delante de las ymagines de
93 1614 1316 1791 los dioses, que alli tenjan. Esto ha
71 1735 1316 1871 zzian cada dia, luego de mañanjta,
106 1840 1280 1969 y la señora de la casa, tenja cuj
110 1912 1293 2075 dado, cada mañana, de desper
105 2010 1299 2164 tar atodos los de su casa, para
101 2112 1299 2252 que fuessen aofrecer, delante de
114 2211 995 2330 ros dioses, de su oratorio.
796 2301 1019 2479 ejo.
1201 2323 1338 2484 fōs
114 2655 1317 2819 Vfrecian encienso, en los cues, los sa
114 2776 1301 2906 trapas de noche, y de dia aciertas
99 2867 1303 3007 horas: in censauan con vnos incē
112 2927 1305 3066 sarios, hechos de barro cozido, que
97 3021 1319 3143 tenjan, amanera de caco, de vn
117 3114 1285 3244 caco mediano, con su astil, del
107 3210 1296 3363 grosor de vna vara de medir
120 3318 1305 3455 o pocomenos largo, como vn codo
124 3384 1306 3543 o poco mas hueco, y de dentro te
129 3496 1315 3634 nja, vnas pedrecuelas, por sona
135 3568 1284 3722 jas. El vaso era labrado, como
118 3686 1315 3820 in censario, con vnos labores, que
123 3784 1287 3925 agujerauan, el mjsmo vaso, des
130 3850 1342 3987 del medio abaxo, coxian conel bra
128 3937 1301 4106 sas, del fugon, y luego echauan
2394 116 2648 237 fo. i20
1564 65 2071 275 del templo.
1487 298 2236 490 Tlamanaliztli:
1362 440 2569 626 Injc tlamanaloia: tlaqualtica,
1378 542 2565 741 yoan tilmatican tlamanaloia,
1374 672 2598 845 yoan yca intlein ioioli: aco to
1377 761 2560 939 tolin, anoço tototl, anoço til
1379 872 2561 1031 matli: anoco in tlein iancuj
1400 972 2588 1137 çan muchioa, aco cintli, ano
1395 1082 2562 1217 co chian, anoço suchitl, ano
1393 1184 2612 1380 ço in tlein. Auh injc tlamana
1387 1282 2583 1455 ia cioatzitzinti: iooac in qujmj
1378 1412 2644 1553 xitiaia intenanoan, intetaoan:
1381 1510 2523 1665 injc qujmanativi ventlama
1382 1609 2592 1796 pictli, in tlaxcaltzintli, tepito
1378 1749 2583 1891 con, injc yciuhca qujmana
1388 1841 2583 1995 tivi ijxpan diablo: ca xtica in
1369 1952 2601 2137 qujtquja ventli icconmanaia:
1385 2033 2556 2252 çan inchan muchioaia in
1398 2137 2552 2329 tlaxcalli, injc tlamanaia ci
1392 2303 1865 2482 oatzitzinti
1463 2405 2352 2655 F lenamaqujliztli
1381 2622 2605 2796 Auh injcmuchioaia tlenama
1403 2738 2588 2934 qujliztli, in jca tlemaitl: çoquj
1402 2837 2551 3030 tl tlachichioalli, cacalachio
1408 2889 2590 3119 vncan contemaia in tlexuchtli,
1403 3039 2613 3235 in tlemaco: in oconxopiloque,
1396 3134 2591 3341 njman ic contema copalli,
1404 3261 2576 3452 ycoalqujca inijxpan diablo:
1410 3367 2618 3554 anoço injtoalnepantla, in vn
1420 3473 2606 3652 can ycac tlequaztli: çoqujtl
1405 3612 2594 3734 tlachichioalli: Auh inommo
1416 3732 2662 3895 quetzaço ijxpan diablo: njman
1409 3827 2604 3992 nauhcampa qujiaoa intlema
1407 3926 2597 4080 jtl; y n jctlapupuchvia: auh
2575 4148 2643 4250 tuj
