1628 2446
18 674 167 728 ytrianqulo
6 712 172 782 ipro tudente
996 26 1340 126 delos dioses.
421 37 713 138 libro. l.
173 138 1574 240 El capitulo dezisiete, habla del dios  Ininopuchtli, ipan mixeoaia,
182 198 866 293 llamado opuchtli: el qual era tenjdo
898 202 1575 330 tlaloc: atlaca inteuh catca, quj
169 246 834 341 y adorado, enesta nueua españa
894 287 1569 393 moteutiaia. Juh qujtoaia, caie
172 292 863 393 Este dios, llamado opuchtli, le contauā
175 361 848 444 conlos dioses, que se llamauan tlaloques: q̄
891 362 1564 479 hoatl itlatzintil, ytlanextil,
179 396 879 489 qujere dezir habitadores del parayso terrenal:
182 436 847 521 aunque sabian, que era puro hombre. Atri
184 475 858 554 buyan, aeste dios, la inuencion de las redes, pa
889 441 1613 575 qujnexti, qujteittiti in matlatl,
180 513 856 599 ra pescar peces: y tambien vn instrumento, pa
183 553 857 641 ra matar peces, que le llaman mjnacachalli:
894 524 1590 665 yn atlatl, yn mjnacachalli, yn
191 600 856 692 que es como fisga, aunque no tiene, sino tres
192 635 860 730 puntas, conque hiere, alos peces: y tambien cō
896 608 1569 731 avictli, tzonvaztli. Auh yni
187 675 867 770 el matan aues. Tambien este, inuento los la
183 724 852 809 zos, para matar las aues: y los remos para re
891 695 1583 820 quac ilhujqujxtililoia, atl, tla
187 753 861 859 mar. Quando hazian fiesta, aeste dios, los pes
191 805 872 885 cadores, y gente del agua: que tienen sus gran
899 779 1566 909 qualli, vctli, in ventli muchi
181 831 867 947 gerias, en las aguas: alqual tenjan por dios.
188 879 853 984 Ofrezianle, cosas de comer, y vino: deloque
889 870 1572 974 oaia: yoan cintopilli, xuchitl,
190 933 851 1016 ellos vsauan, que se llama vetli: y por otro nō
902 934 1581 1066 yietl, copalli, yiauhtli, qujte
187 967 861 1059 bre se llama pulcre. Tambien le ofrezian,
191 1018 869 1096 cañas de mahiz verdes, y flores, y cañas de hu
903 1024 1594 1128 peviliaia, ic qujnanamiquja:
198 1051 863 1150 mos que llaman yietl: y encienso blanco, que
197 1102 847 1183 llaman copalli: y vna yerua olorosa, que se
909 1082 1581 1209 chicaoaztli concacalachiliaia
191 1135 865 1231 llama, yiauhtli: sembrauan delante del, co
191 1177 870 1266 mo quando hechan juncos, quando se haze pro
909 1167 1590 1274 mumuchitl qujchaiaviliaia:
197 1219 870 1327 cession. Vsauan tambien, enesta solennjdad,
201 1263 862 1347 de vnas sonajas: que yuan envnos bacculos
901 1249 1586 1378 iuhqujn tecivitl povia: no yoā
202 1292 862 1381 huecos: que sonauan como cascabeles, o casi,
205 1331 846 1420 Sembrauan tambien, delante del, vn mahiz
907 1336 1581 1465 qujcujcatiaia, yn iveveiooan,
195 1369 854 1459 tostado, que llaman mumuchitl: que es vna
203 1404 860 1502 manera de mahiz: q̄ quando se tuesta, rebi
201 1439 889 1530 enta, y descubre el meollo, yse haze como vna
917 1428 1563 1546 yn jlamaiooan, calpoleque.
198 1480 852 1577 flor, muy blanca: dezian, que estos, eran
196 1510 878 1625 granizos: los quales son atribuydos, alos dio
940 1520 1577 1634 Jn jnechichioal catca: amaca
189 1558 863 1666 ses del agua. Los viejos satrapas, que tenj
200 1591 870 1693 an cargo deste dios, y las viejas: dezianle, los
910 1591 1585 1690 le, tlaoçalli, tlaolaltilli, azta
193 1631 856 1737 cantares, de su loor. La ymagen deste dios,
203 1677 856 1768 es vn hombre desnudo, y teñjdo de negro
915 1684 1587 1775 tzone, quetzalmjiaoaio, ama
208 1707 879 1804 todo: y la cara pardilla: tirante alas plumas
205 1746 872 1845 de la codorniz. Tenja vna corona de papel,
904 1737 1586 1850 maxtle, amaneapanale, to
205 1788 875 1886 de diuersas colores: compuesta amanera de
205 1831 864 1930 rosa: que las vnas hojas, sobrepujan, alas o
907 1844 1100 1938 naloio.
208 1877 892 1968 tras: y encima tenja, vn penacho de plumas
1318 1898 1413 1992 te
207 1907 866 2010 verdes, que salian, de vna borla a
205 1955 892 2043 marilla: colgauan desta corona, vnas borlas
206 1996 875 2091 largas, azia las espaldas. Tenja, vna estola
914 1981 1587 2103 Jnic caxtolli vmey, capitu
202 2031 877 2129 verde cruzada, amanera de las que se ponē,
214 2076 866 2163 los sacerdotes: quando dizen missa. Tenja,
920 2061 1574 2171 lo, ytechpa tlatoa, in teutl: yni
215 2124 876 2197 ceñjdo, vnos papeles verdes: que le colgauan
204 2150 872 2235 hasta las rodillas. Tenja, vnas cotaras, o san
911 2138 1259 2236 toca, xipe totec.
208 2186 868 2271 dalias blancas: tenjā en lamano izqujerda
204 2230 857 2299 vna rodela, tenjda de colorado: y enel me
199 2259 866 2338 dio deste campo, vna flor blanca: con quatro
206 2294 871 2376 hojas, amanera de cruz: y de los espacios de
202 2332 892 2421 las hojas, salian quatro puntas, que eran tam
