2718 4198
434 75 889 238 libro. 1.
78 273 1310 460 Capitulo veynte y vno, que ha
67 393 1279 559 bla, de muchos dioses, ymagi
48 493 1307 664 narios: alos quales, todos: lla
66 617 913 793 mavan, tlaloques.
77 843 1294 995 AA todos los montes emjnentes, especi
83 944 1286 1078 almente, donde se arman ñublados,
89 1026 1312 1165 para lluuer; ymaginavann, que eran
81 1101 1298 1249 dioses: y acada vno dellos hazian su
72 1170 1317 1342 ymagen: segun la ymaginacion, que
84 1241 1313 1395 tenjan dellos. Tenjan tambien yma
85 1333 1309 1509 ginacion, que ciertas emfermedades:
23 1426 1281 1579 los quales parecen, que son enferme
98 1502 1312 1642 dades de frio: procecuan de los mon
95 1597 1301 1728 tes, o que aquellos montes, tenjan
94 1645 1326 1796 poder, para sanallas. Y aquellos, aquj
92 1745 1311 1895 en estas emfermedades, acontecian.
87 1814 1319 1961 hazian voto, de hazer fiesta, y ofren
83 1902 1313 2051 da, atal, o tal monte: de qujen esta
82 1993 1289 2147 ua mas cerca, o conqujen tenja, mas
78 2087 1319 2203 dauoçion. Tambien, hazian semejan
75 2136 1290 2319 te voto, aquellos que se vian en algū
70 2228 1292 2417 peligro, de ahogarse, enel agua, de
81 2309 1308 2466 los rios, o de la mar. Las emfermeda
90 2403 1314 2582 des, porque hazian estos votos: era la gota
91 2482 1314 2639 de las manos, o de los pies, ode qualqujera
86 2551 1291 2722 parte del cuerpo. Y tambien, el tullimj
95 2605 1258 2785 ento de algun: miembro, o de todo el
76 2718 1294 2884 cuerpo: y tambien, el embaramjen
66 2788 1309 2948 to, del pescuezo, o de otra parte del cuer
61 2878 1293 3051 po: o encogimjento de algun mjembro, o
73 2937 1311 3111 el pararse yerto: aquellos aqujen estas
70 3004 1304 3198 emfermedades, aconte cian: hazian vo
74 3098 1288 3267 to, de hazer las ymagines, destos dioses,
70 3174 1284 3379 que se siguen: del dios del ayre, la dio
72 3260 1247 3438 sa del agua, y el dios de la lluuja.
85 3360 1283 3517 Tambien la ymagen, del vulcan, que se
60 3458 1305 3608 llama popucatepetl, y la ymagen, de la si
67 3538 1310 3696 erra neuada, y la ymagen de vn monte,
69 3614 1322 3799 que se llama, poiauhtecatl: o de otros qua
69 3708 1286 3872 lesqujer montes, aqujen se inclinavan,
64 3782 1298 3952 por su deuocion. El que auja hecho voto
77 3865 1290 4029 a alguno, a algunos montes, o destos dioses:
66 3956 1274 4090 hazia su figura, de vna massa, que se
60 4024 1263 4159 llama tzoalli: y ponjalos, en figura de
1536 61 2187 225 de los dioses.
1392 245 2638 466 Jnic cempoalli vce capitulo
1420 399 2645 572 ytechpa tlatoa yn itoca tepicto
1382 509 2681 696 ton: yn jnoan pouja tlaloque.
1372 757 2622 968 No ynoan pouj, intech tlamjloia
1385 911 2595 1113 yn tlaloque: ynjc mjtoaia te
1384 1040 2627 1231 picto, çan qujmonpiqujia, quj
1378 1194 2655 1379 mixiptlaiotiaia, in tetepe, in ça
1388 1317 2644 1514 çocatle tepetl. Auh yn aqujn
1378 1496 2621 1693 coaciujia, oaoapaoaia, quaqua
1370 1638 2649 1808 uhtia, cocototzauja: anoço yna
1376 1791 2666 2008 qujn atlan miquiznequj, ehecatl
1381 1918 2652 2142 ipan moquetza atla: vncan mo
1377 2099 2579 2283 netoltiaia ynjc tepiquiz, in
1386 2253 2675 2483 qujnpiquiz: quetzalcoatl, inchac
1391 2404 2638 2595 chivitl ycue, in tlaloc: popucate
1378 2539 2659 2761 pliztac tepetl, poiauhtecatl:
1378 2704 2639 2908 yoan in çaço quezqujtetl tepetl
1389 2860 2556 3034 in qujnteneoaz in qujpiquiz.
1382 3011 2598 3171 Auh in qujnpiquja, in qujmi
1370 3136 2618 3310 xiptlatiaia in tetepe, çan tzoa
1372 3272 2589 3453 lli, qujntlacatlaliaia, qujntla
1388 3393 2594 3571 catlachieltiaia tlacatlachixti
1384 3514 2634 3695 catca: qujntlantiaia aiooachtli,
1380 3694 2619 3856 auh in qujmjxtelolotiaia aiecu
1369 3798 2570 3977 tli: in quenamj yntlatquj in
1379 3948 2638 4110 qujmixiptlatiaia, in qujnpiqujia
