2606 4066
317 71 872 246 dela axte
20 279 1153 416 uan de comer, y beuer, asus
29 378 1178 515 combidados, y vezinos: y cerca
26 442 1216 599 dela manana, quemauan las
38 536 1174 715 ofrendas de papel, y copal, dezi
32 624 1190 807 an: que con estas cosas, dauā
19 715 1189 904 de comer al fuego, y descabe
33 819 1191 1001 çauan codornjzes, cabe el fue
39 909 1209 1114 go, y derramauan la sangxe:
41 1016 1183 1203 ylas codornjzes, andauan re
38 1118 1202 1277 boleando cexca el hogar: y tam
43 1222 1227 1373 bien derramauan el pulcre, en
62 1331 1209 1452 derredor del hogar: y despues a
54 1417 1223 1556 las quatro esqujnas del hogar,
51 1527 1169 1655 derramauan el pulcre. L os
71 1605 1185 1756 pobres ofrecian vn encienso
72 1668 1203 1867 que llaman copalxalli, en su
72 1763 1198 1948 mjsmo hogar: y los muy po
63 1871 1194 2038 bres, o frecian vna yerua mo
60 1953 1241 2128 lida, que sellama yauhtlienti
64 2059 1232 2223 sus mjsmos hogares. Dezian
97 2173 1211 2298 tambien: que los señores, q̄
91 2257 1238 2408 acontecia, ser elactos, eneste
76 2357 1225 2521 signo: que serian felices, en
60 2468 1229 2625 su oficio: y luego hazian gran
101 2552 1214 2698 combite, a los señores de la
103 2642 1238 2799 comarca: y el combite, comē
89 2749 1271 2869 cauat, en la quarta casa deste
89 2839 1224 2988 signo: navi acatl. Podos los
118 2932 1247 3086 combidados, venjan este dia:
115 3023 1255 3188 adar la nora buena al señor
108 3108 1235 3287 y le traygan algun presente: y
117 3199 1193 3377 le hazian vn razonamjxento
109 3290 1244 3469 muy elegante, y muj honrro
108 3379 1231 3569 lo: y el estaua asentaido, en
109 3489 1230 3644 su trono: y todos sus princi
106 3575 1274 3752 pales, estauan asentados, por
99 3671 1244 3842 suorden. En acabando la
149 3759 1278 3919 oracion, que le hazia el ora
1362 63 2519 255 adiujnatoria. fo. 8.
1246 244 2479 375 oc tlaujzcalpan iqujtlatiaia amatl,
1246 351 2417 485 in mjtoa ic qujtlamaca tletl, qujvi
1259 453 2433 588 catiuti, qujtocatiuh in copalli, cecen
1246 567 2431 712 petlacalli, ovnpetlacalli in contepeoa
1245 664 2487 817 tleco, chipaoac, iztac copalli:ioan qujn
1260 765 2447 902 çotona cocoltin, iutiqujntlecujlixquac
1250 853 2429 1046 tlapatlaca, tlapapatlaca, ie çonema
1263 979 2454 1118 maiaooa, tlalli ic neujujteço tlecujlix
1271 1089 2421 1237 quac qujtzitzicujtza, qujnonoquja
1272 1185 2441 1319 mimezco: ioam noachto tlecujlixquac,
1281 1295 2459 1480 qujtotoiaoa in vctli: aut catepan tle
1261 1401 2423 1547 cujlnacazco nauhcampa ixti qujto
1276 1515 2419 1694 poiaoa: auh in canmaceoaltzintli in
1280 1617 2451 1796 motolinja, cancopalxalli mtleço quj
1289 1722 2457 1850 tema: auh cncaiequene qujtzacuja,
1276 1827 2488 1997 mmolhuj icnotlacatl, tequj icnotlacatl
1277 1919 2465 2095 maavia, mauellamati: çanie mjauh
1289 2036 2502 2205 tli tleco qujtepeoa, ic qujtlamaca mjx
1284 2142 2457 2319 coian itleuh; ioan mjtoa ntlatoque
1302 2258 2437 2415 vncan motecutlaliaia, motlatocatla
1292 2377 2504 2530 liaia, mjpani ce itzcujntli: auh ipan
1300 2510 2517 2650 motequaltiaia, motecpacaia, motlato
1313 2627 2534 2760 capacaia mnauh acatl, iquac noviian
1304 2714 2475 2878 oaltiuja maltepetl ipan tlatoque, co
1309 2817 2509 2968 motzalo, icmachitilo miancujcan tla
1315 2927 2476 3066 toanj omotlali, mjcec mjcoalhuj, mjn
1316 3033 2442 3182 tetlapaloaia, mjntetlapalol qujoal
1320 3156 2450 3302 cuj, qujoalitquj m macuextli, intil
1317 3265 2447 3398 matli, in suchitl, mjetl, in çaçotlem
1307 3354 2576 3479 mamaujzco, yximachoca imaltepeuh,
1306 3480 2479 3627 ncampa, in quexqujchca oaleoa, quj
1312 3572 2547 3742 tlamamaça, qujtlatequjlia in tlatoanj,
1320 3665 2521 3803 ioon aujtlapaloa, qujtlatlauhtia: oal
1344 3781 2481 3931 motlalca mjntechiuhcaoan, intecu
