2594 3950
350 -1 899 182 de la fiesta,
82 220 1190 345 ataujos, del principio del año. veinte
67 312 1235 436 dias antes, de llegar aesta fiesta, mu
76 397 1224 516 dauanle las vestiduras, conque has
82 485 1225 601 taalli auja hecho penitencia, ylaua
77 568 1225 689 uale la tintura, que hasta alli solia
86 655 1198 777 traer, este mancebo: y casauanle, cō
73 742 1195 868 quatro donzellas: con las quales, te
89 837 1176 960 nja conuersacion, aquellos veynte
87 904 1229 1042 dias, que restauan de su vida: y cor
82 1002 1218 1105 tauanle los cabellos, ala manera que
86 1095 1225 1177 los vsauan, los capitanes: atauanle
81 1170 1215 1286 los cabellos, como vna borla  sobre la
88 1272 1243 1376 corona de la cabeça, con vna franxa
94 1352 1204 1476 curiosa, atauanle aquella atadu
91 1452 1190 1578 ra de los cabellos, dos borlas consus
87 1534 1183 1657 botones, hechas de pluma, y oro, y
75 1616 1202 1760 tochomjtl, muy curiosas, que ellos
73 1715 1243 1860 llamauan aztaxelli. Las quatro don
68 1832 1213 1997 zellas, que le dauan por sus muge
85 1925 1222 2070 res: tambien eran criadas, en mu
87 2028 1216 2186 cho regalo, paraque el efecto: ponj
98 2123 1192 2256 anlas los nombres, de quatro dio
100 2213 1223 2339 sas, ala vna llamauan xochique
105 2308 1211 2427 tzal, ala otra xilonen, y ala ter
108 2397 1222 2531 cera, atla tonan, y ala quarta, vix
96 2496 1213 2626 tocioatl. Cinco dias antes de llegar
100 2600 1193 2737 ala fiesta, donde aujan de sacrifi
95 2688 1194 2815 car, aeste mancebo, honrrauan le
94 2767 1190 2917 como a dios: el señor se que daua
88 2870 1199 3001 solo en su casa, y todos los de la cor
85 2958 1202 3103 te, les segujan, y se hazian solem
82 3069 1203 3173 nes banquetes, y areytos, con muy
100 3143 1184 3270 ricos ataujos: el primero dia le
73 3219 1228 3364 hazian fiesta, enel barrio, que lla
89 3342 1206 3462 man tecanman: el segundo en el
85 3425 1199 3567 barrio, donde se guardaua la es
85 3500 1213 3630 tatua, de Tezcatlipuca: el tercero
79 3582 1215 3717 enel montezillo, que se llamante
64 3660 1206 3803 petzinco, que esta en la laguna: el
1585 -2 1974 186 loxcatl.
2247 64 2504 209 fo. 33.
1327 242 2444 381 qujoa, ontlalpia, ontlacuja; ynic
1318 330 2424 478 ontlalpia, itoca tochiacatl, xitto
1328 449 2380 578 monjlpitica: yoan yaztaxel,
1312 538 2422 667 quetzalmjiaoaio, itzotzocol itech
1311 639 2414 766 qujlpia: çan cempoalilhujtl in
1317 741 2419 867 oncioacuchtinemj, yn oncioa
1324 849 2455 973 oatinemj: naujntin in cioa q̄n
1327 931 2446 1067 ujcatinenca, no cexiuhtica inpi
1323 1029 2453 1184 aloia calpixcan: yce itoca xochi
1321 1148 2404 1294 quetzal, ynjc vme xilone, y
1314 1257 2380 1398 njc ey Atlatona, ynjc nauj,
1325 1338 2417 1494 vixtocioatl. Auh in ie itentla
1324 1472 2407 1580 Toxcatl, oc macujltica, tlamacujl
1311 1549 2375 1701 ti, oqujuh macujlilhujtl qujçaz
1313 1664 2457 1820 yn ilhujtl toxcatl, inpeoa cujcujca:
1321 1755 2395 1925 yn iquac y, yn izquilhujtl y, aoc
1300 1875 2449 2017 mo onmachiztia yn motecuçoma,
1311 1960 2425 2124 ocie ycenujc catca, tetlaqualtia
1311 2060 2411 2248 tetlauhtia, ynic cemilhujtl cuj
1308 2175 2426 2338 cujca, itocaiocan tecanma: ynjc
1303 2263 2409 2434 omjlhujtl, vncan inpialoia, inte
1311 2380 2397 2535 ixiptla in titlacaoan, yn ichā
1310 2481 2361 2631 aqujn calpixquj, yn oqujpiaia:
1305 2603 2425 2763 ynic eilhujtl tepetzinco, vmpa in
1304 2697 2439 2869 anepantla, ynic nappa tepepul
1304 2795 2350 2950 co, çan no itlan in tepetzinco.
1322 2923 2437 3051 Ynoncuj cujcac njman ie ic onma
1323 3022 2410 3144 calaquja, itlan ietihuj in cioa,
1313 3111 2400 3253 qujiotlalitiuj, quellaquauhti
1306 3224 2393 3341 uj: vmpa vnqujca, vmpa o
1299 3325 2419 3467 natenqujca, vmpa qujmona
1294 3423 2394 3568 cana in acalli, ytocaiocan a
1297 3546 2381 3670 caqujlpan, anoço caoaltepec:
1301 3623 2406 3756 ipampa cavncan onte caoaloia.
