2008 2812
272 31 1864 190 Euena o mala que ternian los que nacian. El quinto libros
207 156 1866 263 trata de los agueros que estos naturales tenian para adiuinar las
227 217 1881 339 cosas por venir. El libro sesto trata de la Rectorica, y phi
227 286 1851 399 losophia moral que estos naturales vsauan. El septimo li
214 380 1873 501 bro trata de la philophia [sic] natural que estos naturales alcança
204 441 1864 571 uan. El octauo libro trata de los señores y de sus costumbre y
192 527 1870 673 maneras de gouernar la Republica. El libro nono trata, de
208 610 1868 749 los mercaderes y otros officiales mechanicos y de sus costumbres.
188 718 1862 821 El libro dezimo trata de los Vicios y virtudes destas gentes al
188 779 1859 914 proprio de su manera, de viuir. El libro vndezimo trata de los ani
183 842 1860 956 males y aues y peçes y de las generaciones que ay en esta tierra y de los
201 932 1870 1024 arboles yeruas y flores y frutos metales y piedras y otros mine
182 998 1889 1136 rales. El libro duodecimo se intitula la conquista de mexico. Estos
191 1084 1887 1214 doze libros con el arte y vocabulario appendiz, se acabaron de sacar
201 1159 1877 1280 en blanco. este año de mill e quinientos, y sesenta y nueue aun
186 1274 1867 1368 no se an podido Romançar ni ponerlas escolias segun la traça de la
186 1356 1852 1457 obra no se lo que se podia hazer en el año de setenta que se sigue. Pues
189 1423 1876 1524 desde el dicho año hasta casi el fin deste año de 1575 no se pudo mas en
180 1499 1859 1621 tender en esta obra por el gran disfauor que hubo de parte de los que la de
180 1565 1867 1659 bieron de fauoreçer. perocomo llego aesta tierra nr̄o R. P.e fray R.o de
175 1633 1858 1764 sequera, comissario general de todas estas prouinçias desta nueua esp.
159 1695 1860 1834 guatimala etc. de la orden de nr̄o Seraphico P.e san fran.co de la obser
160 1778 1835 1875 uancia: mando que estos libros todos se Romançasen: y ansi en Ro
159 1852 1862 1956 mançe como en lengua mexicana se escribiesen de buena letra. Es esta
165 1943 1861 2037 obra como vna red barredera para sacar a luz todos los vocablos
173 2029 1840 2112 desta lengua con sus propias y methaphoricas significagiones
147 2107 1880 2215 y todas sus maneras de hablar y las mas de sus antiguallas
177 2177 1854 2303 buenas y malas es para Redemir mill canas porque con
160 2254 1866 2364 harto menos trauajo de lo que aqui me questa podran los que
171 2332 1863 2432 quisieren saber en poco tiempo muchas de sus antiguallas y tod
154 2415 1876 2515 el lenguaje desta gente mexicana, aprouechara mucho toda
142 2486 1870 2626 esta, obra para conoçer el quillate desta gente mexicana
133 2591 1851 2702 el qual aun no se a conoçido : porque vino sobre ellos aquella
133 2674 1857 2784 maldicion: que Jeremias de parte de dios fulmino contra Judia y Jerusalen di
