2620 4110
315 4 824 231 dela arte
35 278 1234 405 das vnas, con otras: y adereçauan la
30 364 1233 493 con los ataujos del muerto: conque
36 450 1228 582 le aujan de adereçar a el: si murie
43 548 1198 666 ra en su casa: que eran diuersas
25 606 1213 744 maneras de papales conque acos
30 694 1223 824 tumbrauan a adexeçar a los muertos,
26 770 1211 907 y ofrecian le delante otros papeles
36 883 1213 1005 lleuauan la estatua, asi compuecta al
27 951 1230 1104 calpulco: era la yglesia de aquel bar
40 1039 1228 1169 rio, y alli estaua vndia: y delante de
33 1143 1217 1254 la estatua, llorauan al muerto: y
42 1244 1201 1350 ala media noche lleuauan la esta
39 1329 1226 1442 tua alpatio del cu: y alli laquema
51 1429 1230 1564 uan, en vn lugar del patio, que lla
52 1526 1253 1652 mauan: quauhxicaico, o tzompanti
53 1610 1205 1742 tlan. Y si el tal mexcader muria,
60 1730 1267 1832 de su enfermedad: hazian le la esta
47 1799 1264 1937 tua, como ya estadicho: pero su esta
53 1898 1240 2022 tua quemauan la, enel patio de su
66 1978 1252 2135 casa, ala puesta del sol. Pabien
55 2092 1218 2222 dezian: que era este prospexo lig
58 2202 1235 2321 no: para partirse, para la guex
60 2287 1222 2417 ralos soldados. Dezian: que los q
49 2372 1261 2522 nacian eeste signqutendriam buena
53 2479 1232 2614 fortuna, y serian ricos: si hizi
51 2582 1240 2680 essen penjtencia, por reuerenci
60 2660 1204 2792 a de su signo. Y si fuessen des
61 2769 1239 2904 cuydados, en hazer penjtencia:
62 2845 1254 2972 perderian la ventura, que aujan
77 2950 1236 3093 de auer: y el que nacia en este
77 3034 1248 3202 signo, no le baptizauan luego:
53 3128 1229 3281 sino altercero dia: que era la
72 3233 1225 3402 casa de eymacatl: y entonces
74 3320 1248 3496 le ponjan el nombre: porque
82 3425 1253 3578 como esta dicho, que todas las
88 3517 1287 3676 terceras casas de todos los signos
79 3598 1250 3756 son bien afortunadas. La segu
84 3701 1292 3853 da casa deste signo: se llama vme
1383 34 2161 223 adiujnatoria
2302 120 2580 270 foliā.
1304 254 2468 387 tli, qujtlaolololtia, qujtlatepeoaltia:
1288 385 2467 492 qujtlamamaça, mjcmochi ioan quj
1295 473 2419 590 tlatizque: mieuhquj moqujcen
1303 519 2464 701 cauhque evillotl, mjquac ie choquj
1299 632 2425 801 liloz, oiaomjc, oc cemjlhiujtica, mj
1295 725 2440 905 eujllo icalpulco, cemjllujtl inca, ce
1302 825 2484 1009 mjltiujtl meoatica: auh qujnjquac
1306 937 2478 1119 mioalnepantla, qujtlatiaia; vmpa
1295 1055 2524 1209 iqujtocaotiaia, tevctoalco, quauh
1300 1139 2485 1336 xicalço, tzompantitlan auh in tlaçā
1304 1258 2434 1418 otlalmjc oztomeçatl, qujtoznequj:
1308 1377 2495 1521 mtlacamo oiaomje, in açocano coco
1312 1444 2504 1629 lizcujc, can ie noavi i qujchichioa
1301 1571 2544 1708 ia ieujllo, iece çan ichan in tlatlaia
1306 1675 2482 1836 amo ioalnepantla, ocachi tonatiuh
1306 1789 2497 1952 iquac imieonmotzcaloa, onmopiloa
1318 1895 2468 2042 tonatiuiti qujtlaticua. Eoioan mj
1304 1969 2508 2152 toa: mjquacypan i cecoatl tonalli
1304 2097 2490 2267 mtlacpanti, ipanmotlalia, mjquac
1312 2197 2461 2371 oiaotlatoloc, oteiaotlalhujloc, m o
1318 2301 2444 2479 mjto, motecaqujtiloc iaoiotl,; vel i
1302 2453 2500 2594 qua ipan vnpeoaia in iaoc: vncan
1306 2572 2498 2689 iaoqujxoaia, ipan otlatocoia, ipan
1313 2686 2523 2805 vnneotemaloia, yn motema anma
1305 2757 2437 2901 cocuj, onmolinja, eoa, nenemj, ic
1312 2881 2536 2992 xiconana ijxequjch quauhtlocelotl,
1322 2998 2513 3136 auh maqujn ipan otlacat ceoçelotl
1312 3096 2514 3238 tonalli, qujtoaia, aauxpātiaia, quj
1313 3214 2491 3332 nemactiaia in tonalpouhque, tlac
1313 3312 2489 3437 nopilhiujanj, iltiujle, maceoale mu
1331 3438 2485 3575 chioaz, mocujltonoz, vncaqujquanj
1327 3553 2492 3663 iez: auh in tlacamouellamaceoa in
1337 3646 2483 3785 iuhquj itonal in, amoipan muchi
1308 3759 2560 3891 oa mjnemac, mjcnopil: çaniehoac
2462 3958 2565 4064 rp
