2438 3584
951 -2 1118 139 delos
109 112 1131 247 cel figno en que naciste, tiene consigo estos,
121 203 1125 310 azares, y avenido: agora auerificar se
116 266 1137 382 enti, la maldad del signo en q̄naciste:
113 347 1120 469 esfuerçate porq̄ por esperiencia lo seti
112 419 1128 536 ras: mjra a tengas bue anjmo, para su
104 484 1136 614 frirlo: y entre tanto llora, y har penjte
96 569 1148 690 cia. Nota, to q̄ agora te dire, que hagas
105 647 1154 783 para zemediar tu trabajo, o tu infortu
106 721 1125 855 njo: has penitecia busca papel: para q̄
111 800 1158 942 se apareje tu dffreda, q̄ has de hazer, cō
97 885 1117 1022 prapapel, y encieulo blaço, y vlli, y
103 969 1153 1085 las otras colas q sabes, q̄ sōmenester nara
89 1034 1163 1173 esta offceda. Despues q̄ayas aparejado lo
86 1140 1124 1268 necessaria vedras, tal dia, que es opor.
99 1218 1135 1354 tuno gara hazer la offreda, q̄ es menester
88 1270 1144 1411 al señor dios fuego: entoces vendras amj
56 1364 1113 1488 porq̄ yo mjsmo despodre, y ordenare
74 1436 1135 1577 los papeles, y todo lodemas en los lugares.
95 1492 1177 1639 yenel modo q̄ade estar, para hizer la offreda:
93 1583 1165 1709 yo mjsmo lo tego de yraencender y quemar
89 1669 1144 1802 ētuca. Destamanera hazian: los que oyā
90 1734 736 1870 el aguero, arriba dicho.
130 1803 1158 1984 Cnpitulo segundo, del cibieto
111 1934 1111 2091 indiferetite: que tomauan de
83 2052 1154 2195 DF canta Evnaue, que llaman
87 2129 1118 2292 oacton: y de loqute haxian los mer
75 2237 1121 2392 caderes, que yuan, camjno, enes
56 2358 314 2497 fe cati.
59 2473 1151 2643 El segundo, aguero que, tenjan.
67 2577 1124 2720 era quanaa oyan çantax, acharre
70 2649 1147 2787 ar a vn aue, que llamoactli o oacton.
65 2726 1116 2887 Este caguero: ern inditerente: que alas
74 2828 1114 2959 vezes prenticiaua bion, y selas vezes
56 2904 1104 3073 mal. Tenjon le por fuena, quando
53 3013 1120 3145 cantaua: como qujen xie: porque en
54 3085 1075 3253 tonce parecia que dezia ieccan ioc
55 3168 1102 3313 can: que qujere dezir: buen tiempo,
60 3262 1093 3411 buen tiempo. Quando destamanera,
1160 31 1411 162 agueros.
2112 44 2281 144 fo. 2.
1265 132 2288 275 ocnen icnjmjtpantia, njmjtzteteuh
1258 250 2268 381 tia, ic njmjtzpatia, ic njmjtzpaiaoa
1247 333 2286 470 lochtia: xitlamaceoa, maiciuhca, onie
1250 409 2296 542 cauhtiuetzi, in amatzintli: in motiextlao
1242 508 2274 637 al, onmuchioaz: xoconmococouj, injzquj
1250 616 2306 764 tlamantli in amatl: in copalli in ollitet.
1234 708 2298 854 Iquac, yn, ticmattiuj, izca tonalli, inj
1243 829 2306 953 pan tictlamacazque, tlalxictentica: in
1240 919 2293 1065 meujltitica, tioalmoujcaz: nean njcno
1241 1013 2294 1178 maujz, njccencaoatz, njctlatlamantiliz,
1245 1112 2315 1274 mjxqujch monequjz: in jzqujcan icas
1240 1221 2262 1384 toteteuh, tonextlaoal: ca nehoatl,
1231 1326 2299 1503 nonoma njctlatitiuh, in mochan: njc
1234 1440 2292 1606 nomaujtiuh. Ivin, in qujchioaia, mo
1234 1578 2050 1702 tetzaujanj, motetzauj. Etet
1237 1707 2284 1880 Tcomecapitulo, vncan mjtoa: in
1239 1822 2276 1976 tetzaujtl catca, in çan necoc tlachia
1239 1907 2291 2081 ia: in juhquj catca, in jquac qujcaquja,
1239 2020 2281 2163 intiatzia oactli: ioan intloin qujcnio
1221 2097 2289 2264 aia, puchteca in jquac cana, iuhquj v
1218 2200 2282 2365 tlica, in jnpan muchioaia: in anoço in
1234 2312 1592 2414 pan tzatzia:
1303 2426 2257 2624 o ioan, qujtetzammatia: in jqu
1217 2573 2269 2713 aça ipan veuetzca, oactli: injuh co
1222 2672 2260 2800 ujtoa, vme vitz qujtoa: in quenman
1217 2752 2275 2898 qualli, quenman amoqualli. Jnjq̄ē
1219 2850 2305 3011 qualli qujnextia, ic qujcaquj in jtla
1210 2952 2276 3110 tol injc vevetzca qujtoa: ieccan
1223 3080 2285 3203 ieccan, in jquac, yn, amonetemma
1219 3147 2342 3289 cho: atle ic momauhtia, in nenenque:
1207 3253 2268 3420 çan ie papaquj: iuhqujnacovetzi
2168 3365 2277 3465 in
