2712 4232
36 3887 139 3999 o
316 140 789 319 dela anrte
79 309 1307 488 que qujere dezir, conejo. El noue
77 431 1257 593 no dia, es de otro caracter: que
72 504 1240 702 sellama atl, que qujere dezir
82 630 1316 775 agua. El decimo dia, es de otro
69 704 1289 911 caractex: que sellama vçomatli,
78 844 1312 1008 que qujere dezir mona. El vn
90 938 1306 1113 decimo dia, es de otro caracter:
100 1022 1257 1237 que sellama ytzcujntli, que
118 1140 1340 1350 qujere dezir perro. El duoderi
108 1253 1334 1437 mo di, es de otro caracter: que
109 1349 1334 1547 sellama malinalli, que qujere de
119 1468 1289 1662 zir tieno. El tredecimo dia, es
124 1542 1290 1735 de otro caracter: que sellama
127 1641 1322 1865 acatl, que qujere dezir caña
119 1771 1304 1975 Estos treze dias, dezian: que
146 1871 1299 2077 eran bien afortunados, que
135 1961 1340 2203 qualqujera que nacia, en qual
145 2077 1310 2277 qujera de los treze dias. Que si
170 2214 1304 2412 cra nijo de principal: seria se
153 2288 1327 2520 nor, o senador, y rico l sies hi
145 2455 1278 2641 lo de baxo suexrte, y de padres
150 2559 1340 2760 pobres seria valiente, y hont
137 2713 1364 2891 rado, y acatado de todos: yten
141 2803 1348 3010 bria que comer. J si era tuja
138 2930 1335 3124 raque nacia en qualqujera
144 3061 1307 3210 de los treze dias: Jeria rica, y
151 3166 1346 3359 tendria todo quanto es menes
154 3269 1370 3480 ter, para su casa: para gastar
176 3384 1346 3583 encomjda, y beujda: para ha
165 3492 1373 3718 zer combite, para baylar, y dan
175 3611 1368 3832 car en su casa, y dara comjda,
175 3743 1353 3936 y beujda, alos pobres, viejos, y
174 3865 1363 4055 nuerfanos, que no tienen que
181 3963 1368 4175 comer, y beuer: y sera prospero
2401 82 2618 215 fo. 2.
1480 74 2170 248 adiujnatoria.
1385 262 2578 432 mocujltonoz, oniez in qujz, inquj
1372 392 2563 559 quaz, tetlaqualtiz, tecoanotzaz,
1366 495 2585 715 tetlaçamatiz, ipan calacoaz, quj
1357 648 2625 839 techieltiz in atl, in tlaqualli: ypal
1368 757 2587 949 ihiiocujoaz, opalceviz mjiollo,
1383 918 2553 1136 imjnacaio in tlauchiiovitenemj
1388 1019 2613 1236 tlaltecpac, mujhquj cochi, miuh
1386 1197 2586 1373 qujmeça, mjcnoveve, ynjc no
1395 1307 2621 1536 ilama, mjc nopiltzintli, in tlaeno
1396 1412 2568 1639 caoalli: yoan muchi neltiz, mu
1404 1545 2536 1749 chi onieoatiz, in tlem maalia,
1397 1716 2549 1882 atle nenqujcaz, mjcianiz, ynj
1393 1839 2585 2028 tlapalibiz, atle nenvetziz, vel
1385 1957 2567 2182 matitzanqujz in tianqujznaoac,
1393 2131 2580 2309 m nentlamachoian: iutqujn pi
1414 2275 2553 2449 pixaniz, ipan tepeviz, ipan tze
1415 2381 2660 2613 tzeliviz yn jtiamje. Auh no yoa
1414 2519 2581 2735 qujtoaia: mnquelivi in qualli
1401 2689 2628 2854 itonal; ipan otlacat, i tlacamo
1419 2799 2621 3027 vellamaceoa, in tlacamo vel mo
1422 2914 2627 3144 notza, in tlacamo qujcuj, intlaca
1412 3091 2619 3275 mo itechqujpachoa, in atl cecec,
1426 3243 2613 3464 in tzitzicaztli; ymtionotzatoca, im
1427 3360 2627 3573 izcaliloca, in veue tlatolli, yn jla
1428 3522 2646 3705 matlatolli, in çan tlaueliloti, tlave
1435 3672 2660 3823 lilocati, incan aie vtli qujtoca, atle
1445 3792 2649 4023 onqujça, çan yn evian mopopoloa,
2441 4087 2491 4162 ri
