2488 3980
606 28 1158 200 ibro. 2
126 239 1247 376 porque no se roçase la corteza,
136 345 1264 479 quando ya llegauan, cerca del
135 432 1292 575 pueblo, salian las señoras, y mu
151 521 1297 685 geres, y principales arecebirle:
127 606 1294 733 lleuauan xicaras de cacao, para
136 697 1306 851 que beujessen, los que le trayan:
135 783 1265 949 y flores: conque enrosauan, alos
134 883 1275 1042 que le trayan. Desque le aujan
144 973 1281 1152 llegado al patro del cu, luego co
137 1076 1336 1219 mencauan los tlaia canques, o qua
134 1169 1301 1340 drilleros, y dauan bozes, muy fu
142 1291 1287 1433 ertemente, para que se juntasse
138 1391 1286 1545 todo el pueblo, para leuantax
149 1503 1279 1665 aquel arbol, que llamauan xo
158 1591 1290 1751 cotl: juntados todos, atauanle,
137 1721 1291 1861 con maromas: y necho vn no yo
133 1826 1287 1975 donde auja de leuantarse, ti
128 1918 1302 2078 rauan todas, por las maromas:
125 2002 1289 2216 y leuantauan el arbol, con gran
133 2119 1274 2329 grita: cerrauan el hoyo, con pie
144 2222 1287 2392 dras, y tierra, paraque queda
127 2327 1271 2507 sse en hiesto, y assi se estaua,
145 2415 1301 2582 veinte dias. La vigilia de la fies
131 2519 1289 2712 ta, que se llamaua xocotl vetzi
144 2638 1263 2815 tornauan la hechar entierra,
147 2738 1304 2899 muy poco apoco: porque no diesse
136 2836 1276 3024 golpe, porque no se quebrasse, o
142 2942 1254 3101 hindiese: y ansi le yuan recibi
141 3025 1269 3208 endo, con vnos maderos atados
134 3141 1271 3296 de dos endos, que llaman qa
129 3254 1270 3415 uhtomacatl: y ponjanle entie
129 3356 1267 3516 rra, sin que recibiesse daño, y
127 3454 1299 3607 dexauanle assi, yuanse las ma
134 3541 1283 3680 romas, dexaua las coxidas, sobre
131 3638 1274 3783 el mjsmo madero: estauase toda
128 3724 1301 3887 aquella noche. Y el dia de la mjsma
1504 41 2360 200 de las cerimonjas
1387 232 2433 379 ia, mocentlatilulcaujaia, yn
1393 359 2426 490 ic meoatiquetzaia, vel motla
1406 447 2437 590 paltiliaia, ixqujch caanaia
1392 560 2420 703 yn intlapaliuiz. Auh in xo
1383 668 2405 786 cotl, mjc viac catca, cempoal
1375 746 2419 904 matl ommacujlli: muchiquj
1381 844 2452 1007 tapeviliaia mjmatzocol: ça
1376 950 2446 1109 yio mjzcallo moçaoaia: mie
1384 1031 2451 1203 iuhquj moqujquetzque, cem
1384 1159 2429 1316 poaltica in canoqujvicaca,
1368 1257 2417 1426 aiatle itlatquj. Auh in oacic
1374 1343 2424 1513 cempoalli: vel iquac ilhujtl,
1379 1452 2460 1608 m xōcotl vetzi: auh in oqujuh
1379 1576 2446 1719 viptla ilhujtl iesz, occeppa quj
1367 1666 2428 1815 taca, canjvian, çan tlamach
1374 1788 2450 1942 mqujteca, qujmalhuja inma
1365 1883 2452 2007 cuetla, mmanatzin, mmapos
1364 1986 2461 2141 toc quauh tonmacatl, qujoalque
1355 2113 2426 2255 chilitivi, quauh tonmaçapa
1362 2197 2423 2342 m motecatiuh, cenca can tla
1368 2309 2441 2468 mach. Auh moquentel qujto
1361 2441 2411 2584 caque xocotl: njman ic caca
1350 2532 2388 2694 lacoa, neceçevilo: auh mjx
1358 2652 2428 2798 qujch vepan mecatl ipanco
1359 2745 2458 2911 tepeuhtitlalia in xocotl, ipan
1359 2860 2406 2976 con toxauchtitlalia. Auh mo
1362 2966 2422 3126 tlatvic: njman oalhuj, oalne
1357 3075 2434 3245 chicavi in quauh xinque, quj
1363 3185 2428 3361 oalitquj, in tlatqujoalietiuh
1356 3305 2440 3460 i matepozili, tlaximaltepos,
1357 3411 2413 3585 tli, vel qujpetlaoa, qujxipe
1344 3527 2435 3675 tzoa, in vncan vixe, in vncā
1359 3624 2458 3780 titicujtztic, i vncāxixipochi
1346 3726 2452 3894 tic. Oc cequjxima quaoacatl
