2638 4042
513 17 1029 207 libro. 2.
87 251 1279 361 mauanlos cocotl, como al mismo monte, a
88 358 1273 463 dereçauanlos, con vnos papeles, la mjtad
85 419 1259 532 colorados, y la mjtad leonados. El septimo
94 498 1250 620 lugar, donde matauan los njños, era vn
96 602 1279 725 monte, que llaman yiauhqueme: que es
88 678 1294 789 ta cabe atlacujoaia, ponjanlos el nombre
103 747 1283 864 del mjsmo monte: ataujauan los, convnos
100 821 1251 961 papeles, tenjdos de color leonado. Estos
96 911 1249 1056 tristes njños, antes que los lleuassen a
91 995 1264 1126 matar, aderecauanlos con predras pre
97 1085 1295 1208 ciosas, con plumas ricas: y con mātas
87 1170 1252 1310 y mas tles muy curiosas, y labradas, y
103 1243 1265 1399 con gotaras muy labradas, y muy curio
100 1323 1260 1458 sas: y ponjan los vnas alas de papel co
94 1414 1280 1531 mo angeles: y tenjanlos las caras, con aze
93 1480 1255 1631 yte de vlli, y en medio de las mexillas,
110 1577 1259 1724 los ponjan vna rodaxita de blanco: y
96 1679 1268 1821 ponjanlos, en vnas andas muy adereça
92 1775 1262 1915 das, con plumas ricas, y con otras is
91 1860 1249 1996 yas ricas: y lleuandolos, en las andas
87 1953 1267 2084 yuanlos tañendo, con flautas, y trom
77 2043 1245 2176 petas, que ellos vsauan: y por donde
82 2122 1246 2262 los lleuauan, toda la oente, lloraua
82 2201 1255 2378 quando llegauan con ellos aun oratorio,
90 2290 1288 2460 que estaua iunto atepetzinco, de la par
103 2384 1249 2498 te del occidente: al qual llamauan to
97 2463 1246 2577 cocan, alli los tenjan toda vna noche
90 2549 1268 2674 velando, y cantauan los cantares los sa
93 2634 1254 2774 cerdotes de los ydolos, porque no dormj
93 2727 1253 2891 esen. Y quando ya lleuauan los njños
85 2812 1268 2950 alos lugares, adonde los aujan dema
86 2913 1242 3059 tar, si yuan llorando, y hechauan
95 3019 1244 3161 muchas laorimas, allegauanse los que
70 3093 1255 3252 los vian llorar: porque dezian que era
85 3218 1238 3363 senal, que lluueria presto: y si topa
84 3302 1246 3442 uan enel camjno, algun ydropico, te
78 3398 1252 3548 njanlo por mal aguero, y dezian que
80 3478 1245 3616 ellos inpidian la lluuja. Si alguno,
76 3574 1234 3728 de los mjnistros del templo, y otros q̄
66 3689 1217 3826 llamauan quaquacujlti, y los vie
53 3801 1242 3917 jos se bolujan asus casas, y no lleoa
73 3854 1291 3989 uan adonde aujan de matar, los njños,
1559 44 2372 198 de las ceximonjas
1362 243 2591 405 tlantiuj, qujmamatlapaltia, amatl,
1362 388 2552 522 ama amatlapaleque: tlapechtica
1369 502 2576 645 invicoia, quetzalcallotiuja, yn vnca
1374 625 2584 734 momantiujia, qujntlapichilitiuja:
1385 714 2569 848 cenca tlatlaocultiaia, techoctiaia:
1374 820 2552 991 techoquizvitomaia, teicnotlama
1384 940 2551 1096 chtiaia, yn ca elciciooaia. Auh yn
1375 1078 2544 1207 oaxitiloque tococan, aiauhcalco,
1370 1196 2528 1346 vncan ceiooal tocaujlo, qujntoca
1385 1301 2504 1459 viia tlamacazque: yoan in qua
1375 1434 2542 1588 quacujlti, iehoan in ie veuetque
1363 1539 2540 1693 tlamacazque. Auh in tlamacaz
1357 1653 2537 1844 que, yn oceme ontetlalcaujque,
1363 1811 2515 1968 motocaiotiaia mocauhque: aoc
1347 1934 2542 2066 mo tecujcananamiquj, aoccan
1357 2018 2509 2166 onmonequj, aoccan onpoalo.
1360 2155 2563 2319 Auh in pipiltzitzinti, intlachoca
1345 2294 2563 2429 tiuj, intla imixaio totocatiuh, in
1357 2399 2576 2536 tla imixaio pipilcatiuh, mjtoaia,
1352 2505 2549 2693 moteneoaia, caqujiauiz: yn imixa
1351 2654 2553 2780 io qujnezcaiotiaia, in qujiaujtl,
1351 2756 2533 2912 ic papacoaia, ic teiollo motlalia
1338 2887 2506 3059 ia: iuh qujtoa, ca iemoquetzaz
1352 2991 2534 3164 in qujiaujtl, ca ie tiqujiaujlozque.
1345 3127 2523 3277 Auh intlacana ca, ytixiuhquj, q̄
1333 3245 2564 3378 toaia, amo techqujiaujlotla. Auh
1345 3361 2558 3519 yn iequjçaz qujiaujtl yn ie tlamiz
1345 3490 2554 3634 ynie itzonco: njman ie ic tlatoa
1345 3603 2562 3755 in cujtlacochi, yn ezca, yn ieujtz,
1339 3715 2507 3860 in ie moquetzaz tlapaqujiaujtl:
1348 3814 2552 3977 njman oalhuj, pipixcame: no yoā
