2586 4116
631 29 1058 217 lpenciz.
107 251 1340 373 los desmenbrauan cortandolos, mjen
102 330 734 472 bro por mjembro.
449 563 704 757 li.
1043 908 1258 1093 P
141 904 371 1102 ititilti,
898 1146 1087 1230 B. uh
1184 1188 1285 1276 a
122 1359 1324 1511 El quarto edificio se llamaua teccizca
121 1464 1326 1572 lli, enesta casa estauan muchas esta
123 1545 1324 1638 tuas de los dioses: enesta casa se reco
126 1629 1334 1756 gia, el señor del pueblo, o ciudad, las fi
125 1699 1334 1828 estas grandes: y alli ayunaua, y hazia
128 1802 1355 1911 penjtencia quatro dias, y incensauā
134 1872 1357 1970 a todas las estatuas, que alli estaua,
95 1951 1351 2073 Y tambien alli matauan captiuos, a
110 2050 1146 2166 honrra de aquellas estatuas.
114 2229 1373 2335 El qujnto edificio, se llamaua poiauh
121 2304 1305 2396 tla, alli ayunauan los mayores sa
111 2367 1335 2502 trapas, que eran dos: el vno se llama
128 2462 1355 2557 ua, Totec tlamacazquj; el otro se llama
119 2542 1334 2641 ua, Tlalocan tlenamacacayunaua,
119 2611 1352 2738 y hazian penjtencia quaro dias y in
123 2675 1337 2831 censauan alas estatuas, que alle esta
121 2763 1340 2889 uan. Esto hazian cada año, quetro di
130 2846 1339 2958 as en la fiesta, de etzalqualiztli: ytam
121 2933 1359 3026 bien alli matauan captiuos, a hanrra
123 2998 865 3147 de aquellas esta tuas.
113 3125 1307 3246 El sexto edificio, se llamaua mjxcoapan
141 3215 1345 3306 tzompantli: este era vn edificio, en que es
129 3257 1337 3370 pectauan, las cabeças, de los quematay
129 3332 1318 3433 uan, a honrra del dios mjxcoatl, eran v
128 3391 1322 3524 nos maderos, que estauan hincados de
141 3485 1314 3576 altura de dos estados, y estauan aguje
140 3536 1296 3653 rados a trechos, y por aquellos agujeros
140 3585 1313 3714 estauan passadas vnas hastas, o varales
129 3685 1290 3789 del grosor, de hastas de lança, o poço
135 3752 1313 3858 mas, y eran siete oocho: enestas espe
131 3797 1304 3916 tauan, las cabecas de los que mata
130 3867 1320 3986 uan, a honrra de aquel dios: estauā
123 3947 1289 4064 las caras bueltas, hazia al medio dia.
1483 21 2081 194 del libro. E
1397 249 2515 377 yonn in yeixqujch valiaucalaquja:
1388 342 2528 464 njman ic tlateca, injc qujnchiame
1379 444 2513 572 xica: auh in jquac onvi mexica, cen
1376 503 2525 685 ca mjiec in vmpa ommjquja. Auh
1376 614 2531 763 in tlaoittoque njcan mexico: njman
1368 710 2540 897 qujntzitzqujaia, ioan qujnmjctiaia,
1383 800 2523 1003 qujntetequja: in vncan macujlcall,
1376 925 2202 1106 anoço macujlqujavitl.
1533 1118 2153 1305 Teccizcalli
1468 1337 2500 1489 nteccizcalli: vncan tlamaceoaia
1408 1398 1457 1487 l
1391 1426 2511 1596 in iehoatl motecuçama vnean tle
1394 1562 2533 1676 namacaia: ioan vncan moxctlava
1393 1645 2517 1783 ia. Auh çan iquac in vncan mo
1394 1714 2527 1875 cauaia, in vevey ilhujtl qujçaia: y
1394 1839 2532 2000 oan vncan mjcovaia, vncan mjqu
1394 1977 1910 2089 a in mamaltin.
1534 2076 2132 2255 Poiauhtlan.
1371 2221 2538 2418 Inpoiauhtlan: vncan moçauaya
1400 2345 2535 2520 mexico tlenamacac, ioan in tlaloco
1388 2439 2536 2596 tlenamacac: cexiuhtica, ipan in esta
1394 2547 2525 2715 qualiztli: nehoan vncan tletemaia
1400 2623 2518 2790 in poiauhtlan: ioan vncan mjcovā
1393 2758 2403 2917 vncan mjquja in mamaltin,
1508 2843 2513 3080 N ixcoapan tzumpanitli,
1367 3024 2539 3257 n mjxcoapan, tzumpantli: incatl
1396 3171 2501 3372 qujçoia in jntzontecon, in mjquja
1379 3333 1945 3451 mjxcoatempan:
1555 3579 2069 3768 Tlalxicco.
1362 3747 2558 3936 Intlalxicco: vncan mjquja in jtca
1398 3847 2554 4005 catca mjctlan tecutli: cexiuhtica ia
