2430 4048
579 -2 970 194 libro.
134 160 1320 347 El dicho quetzalcoatl, y endose de
133 311 1345 431 camjno, mas adelante, ala passa
142 392 1283 509 da dentre, las dos sierras: del
151 490 1286 610 vulcan, y la sierra neuada: to
136 564 1297 707 dos los pajes del dicho guetzalco
136 683 1302 803 atl, que eran enanos, y corcoba
120 751 1279 900 dos, que le yuan acompañando
126 866 1316 986 se le murieron de frio, dentro de
124 956 1303 1099 la dicha pasada, de las dichas dos
121 1057 1313 1171 sierras. Jel dicho buetzalcoatl sin
111 1166 1279 1277 trio mucho, lo que le auja acaeei
118 1238 1333 1366 do,de la muerte, de los dichos pa
109 1319 1288 1480 ges, y llorando muy tristemen
118 1430 1284 1552 te, y cantando con lloro, y sos
109 1528 1256 1667 pirando: miro la otra sierra
117 1598 1294 1754 neuada, que se nombra poyauh
99 1713 1252 1832 tecatl, que esta cabe tecama
112 1815 1280 1931 chalco: y ansi paso por todos los
96 1894 1261 2052 lugares, y pueblos: y puso muy
87 2020 1249 2139 muchas señales, en las sierras,
87 2103 1143 2242 y camjnos, segun que dizen.
84 2189 1282 2337 as dizen, que el dicho buetzal
110 2301 1277 2419 coatl, andauase holgando, y iuga
85 2391 1256 2491 do envna sierra: y encima de
78 2467 1276 2609 la sierra se assento, y venjase
85 2571 1240 2710 abaxando asentado, hasta el
82 2643 1285 2770 suelo, y baxo de la sierra: yan
93 2748 1247 2866 si lo hazia muchas vezes. Jen o
78 2835 1261 2975 tro lugar hizo poner vn iuego de
73 2927 1261 3075 pelota, hecho de piedras en qua
88 3026 1236 3136 dra, donde solian iugar la peio
73 3109 1249 3257 ta, que se llama tlachtli: y en
71 3212 1198 3363 el medio del iuego, puso vna
71 3275 1221 3408 señal o raya, que dize tlecotl:
55 3391 1236 3541 y donde hizo la raya, esta abier
57 3499 1258 3653 ta la tierra, muy profundamen
52 3593 1267 3698 te. J en otro lugar, tiro con vna
52 3686 1234 3830 saeta a vn arbol grande, que se
61 3795 1235 3909 llama pochuth, y la saeta era tā
1403 191 2367 403 Piman occeppa uimpeul
1394 356 2376 529 tlecoto, popocatepetl itzalaz.
1390 479 2383 651 iztatepetl, in xqujchtin qua,
1385 604 2380 770 vicaia, in tzapome, intepoia
1370 722 2383 913 me yn jiachoan, muchitla
1378 854 2382 1039 inpan cepaiauh vncan qiul
1378 979 2384 1174 oaque, cecmjcque: quli ila
1382 1100 2396 1319 quetzoilcoatl, njmaieicmoia
1384 1281 2391 1466 oa, mochoquilia, yoan tlia
1375 1410 2384 1554 cotia cenca choca, holcichia
1370 1579 2390 1709 man ieic nocomtta vecata
1366 1691 2374 1868 occentetl iztac tepetl itoca
1353 1824 2374 2011 iauhticatl, o cceppa ic umjca
1354 1975 2355 2147 novian quiquiztia, no viana
1353 2123 2372 2318 xaqualotinen yn altepetl, iu
1363 2248 2377 2476 toa mjectlamantli in qujia
1355 2405 2359 2600 tia im netca ynjc monepla
1353 2543 2365 2720 Jncecnj auilmach maqujli.
1345 2674 2362 2881 petitich oalmooxtlacalucs.
1346 2814 2371 2987 tzintlan oalvevatztia, qaulz.
1336 2980 2378 3194 nj qujtlalitecana ichtli, yuo
1326 3112 2372 3334 quiticac tlachtli çan mol.
1327 3267 2387 3461 auh intla nepantla y notla a.
1330 3402 2402 3582 tlecotl cototticac veca acjtila
1327 3540 2399 3756 ynjccoionquj yoan cectl qu
1316 3686 2379 3883 mjn pochotl injc qujmjtli il
1318 3809 2366 4007 noie in pochotl hitic nalqua
