2630 4222
1374 29 1939 227 del templo.
2197 50 2482 207 fo. I11.
371 60 1011 250 delos edificios
1196 232 2415 411 mjquja, ipan in tititl qujçaia. Auh
54 244 1128 405 El septimo edificio, o çu, se llamaua,
71 352 1143 439 tlalxicco: e neste cu matauan cada a
1185 331 2443 475 in ommjc in jxiptla mjctlan tecutli:
67 431 1157 523 ño, vn captiuo a honrra del dios del
1187 419 2417 568 njman vncan vallenamacaia, valle
63 503 1140 605 infierno: matauanle en el mes, que
1184 510 2423 663 temaia, in tlillan tlenamacac. Auh
76 561 1141 683 se llamaua Tititl, despues que le
67 633 1192 728 auja muerto, el satrapa que llama
1200 607 2402 774 injn muchioaia: çan iooan, amo
69 705 1164 794 uan, tlillan tlenamacae, ponja tu
1192 722 1602 868 cemjlhujtl.
57 762 1185 887 ego, y incensaua delante la estatua:
44 839 837 975 y esto se hazia de noche.
1194 823 2042 1066 Vey quauhxicalco.
46 987 1146 1185 El octavo edificio, se llamaua quauh
1189 1027 2391 1212 Inquauhxicalco, itlamaceoaian
55 1139 1151 1260 xicalco, era vn oratorio, donde el se
1215 1120 2431 1295 catca in motecuçuma: iquac in vn
49 1203 1175 1346 ñor se recogia a hazer penjteneia, y
1218 1242 2423 1415 çn moçauaia, mjtoaia: netonati
61 1282 1162 1423 ayunar, quando se hazia, vn aju
69 1333 1193 1483 no que se llamaua, netonatiuhça
1216 1324 2432 1509 uhçaualoia: auh mamatlacpoval
67 1433 1150 1547 oalo: ayunauan quatro dias, por
1202 1426 2437 1589 tica vmeitica in juh muchiuaia, in
55 1487 1179 1630 honrra del sol. Este ayuno, se haziā
1203 1543 2446 1716 netonatiuhçaualoia. Auh ioan vn
67 1574 1185 1715 de dozientos, endozientos y tres dias:
46 1656 1185 1777 aquj matauan quatro captiuos, q̄
1209 1635 2441 1785 çan mjquja: in mjtoaia, chachan
61 1731 1206 1856 se llamauan chachanme: y otros dos
1210 1744 2492 1882 me: çan navintin: yoan vncan mj
63 1821 1205 1957 captiuos, que llamauan la ymagen
1219 1826 2501 2019 quja in jxiptla tonatiuh, ioan metz
66 1874 1182 2037 del sol, y de la luna, con otros mu
1217 1940 2437 2123 tli: auh ioan cenca mjiequjn in
64 1962 1139 2130 chos captiuos, ala postre de todos.
1225 2008 2531 2196 mamalti, vncan mjquja. Auh ynjn,
825 2049 1050 2222 rollez.
1225 2151 1834 2336 çantepan ietiuh:
1371 2319 1915 2498 Tochinco.
146 2377 280 2515 str
55 2420 1206 2578 El nono edificio, se llamaua tochinco,
64 2533 1203 2653 era vn cubaxo: el qual era quadra
1232 2520 2441 2669 Intochinço: vncan mjquja inj
54 2602 1206 2728 do, que tenja gradas, por todas qua
1244 2623 2494 2808 xiptla tochinco; cecexiuhtica: ipan
50 2652 1181 2788 tro partes. En este matauā cada año
50 2741 1213 2864 ymagen de vme tochtli, quando rey
1245 2728 1747 2893 in tepeilhujtl.
49 2800 1242 2930 naua este signo, era esta ymagen, vn
57 2876 1205 3002 captiuo compuesto, con los ornamen
45 2946 1193 3083 tos del dios, del vino, que se llama
1384 2906 2007 3085 Teutlalpan.
47 3009 450 3134 vmetochtli.
46 3068 2477 3276 El dezimo edificio, se tlamaua teutlalI nteutlalpan, vncan tlaiaualova
1244 3175 2470 3321 ia, cecexiuhtica: iquac in quechol
50 3211 1222 3349 pan, que qujere dezir tierra fragosa
61 3296 1218 3409 era vn bosquecillo cercado de quatro
1232 3277 2504 3463 li qujcaia ilhujtl. Auh in ontlaia
38 3340 1184 3495 paredes, como vn corral: enel qual
1266 3391 2476 3566 ualoloc: niman ieic vmpeoa in ça
55 3433 1245 3591 estauan riscos, hechos amano, y en ellos
1264 3503 2502 3674 catepec: auh in onaxivac, njman
47 3508 1244 3658 plantados arbustos, que se hazen en
56 3594 1234 3729 tierra fragosa, como son magueyes, pe
1273 3618 2509 3773 ieic amjoa: auh in motecuçuma,
57 3671 1235 3802 quenuelos: y otros que se llaman tzi
1275 3691 2499 3873 njman vmpa ommoxtlavaia: auh
49 3752 1248 3879 oactli. Eneste bosquecito, hazian pro
52 3826 1221 3938 cesion cada año, enel mes llamado
1261 3804 2499 3955 in ommoxtlauh, njman ieic valpe
47 3865 1215 4053 Quecholli: y hecha la procesion, luego
1264 3911 2501 4057 oa: ayo cac vmpa ommocaoa. Can
