2666 4114
1141 17 1518 190 Apendos.
2352 38 2616 177 fo. 27.
1329 213 2516 341 cenca chocac, cenca otlaocux: auh njmā
81 192 1233 347 Acerbo enjm luctu dolens pater,
1331 316 2491 423 otlanaoati, ynjc quaujtl, manoço tetl
83 313 1301 516 cito sibi rapti filij fecit imaginem:
1336 387 2510 476 muchioaz moximaz in jxiptla itlaçopil
1338 471 2525 594 tzin oqujtlaquauhnaoati in quauhxin
79 481 1224 633 et illum quj tunc quasi homo
1332 555 2499 691 quj, ynjc vel ipatillo qujchioazque, in
87 614 1296 779 mortuus fuerat, nunc tanquā
1341 631 2517 759 vel iuhquj iez, yn ipiltzin in tlaixiptla
1335 748 2536 846 iotl. Jn oiecauh y, in teixiptla, njman qual
97 743 1282 908 deum colere cœpit, et constitu
1341 826 2502 929 can oqujquetz, vncan oqujmoteuti: nj
1337 907 2529 1022 man oqujnnaoati yn jchan tlaca, in quj
84 892 1275 1064 it, inter seruos suos sacra et
1341 982 2487 1141 moteutizque, yoan ixpā tlamanazque,
1341 1057 2527 1208 qujmanazque yn amatl, in copalli, in su
93 1026 1257 1247 sacrificia. G. Deinde inter
1344 1136 2523 1280 chitl: G. Auh ie iquezqujxiuhioc, otla
1334 1215 2513 1349 naoati in tlatoanj, ynjc ixqujchtin, ima
100 1193 1272 1363 uenjente tempore conualescen
1347 1306 2503 1453 ceoalhoan qujmoteutizque, yn ixiptla
101 1347 1284 1537 te iniqua consuetudine, hic er
1352 1397 2533 1547 yn ipiltzin, yoan ixpan tlamanazque:
1354 1464 2523 1624 yujnj, yn otzintic, in tlateutoqujliztli.
104 1483 1301 1662 ror tanquam lex custoditus est,
106 1621 1274 1781 et tyrannorum imperio colebā
1340 1739 2497 1892 A. Jzcatquj in oc centlamantli, ynjc
99 1754 1269 1923 tur figmenta. A. Et hos quos
1349 1857 2507 2006 otzintic tlateutoqujliztli: cequjntin, o
106 1910 1268 2050 in palam homjnes honorare no
1354 1911 2500 2113 qujchiuhque, imixiptlahoan, ynjn
1344 2014 2529 2186 tlaçohoan in veca nemj: auh in jpam
116 2022 1263 2188 poterant, propter hoc quod lon
1349 2123 2509 2286 pa ca vecanemj, auel qujttaia yn
100 2142 1257 2344 ge essent, elonginquo figura
1351 2220 2508 2395 ynnacaio, ytech moiollaliaia, yn j
105 2297 1272 2458 eorum allata, eujdentem ima
1361 2284 2507 2503 mjxiptlaoan: yoan qujnmauiztili
124 2415 1278 2590 ginem regis, quem honorare
1355 2429 2538 2593 aia, yoan ispan tlamanaia, aço tla
1367 2568 2090 2706 toanj, anoço civapilli.
121 2550 1323 2707 volebant, fecerunt: vt illum quj
124 2681 1283 2863 aberat, tanquam presentem
1360 2806 2538 2970 B. Auh in iehoanti, in tlacujloque, cē
115 2802 1249 2983 colerent sua solicitudine. B.
1370 2892 2529 3041 ca qujnematcaicujloque in teixiptla,
1371 2976 2558 3132 vel mauiztic, vel iectli oqujchiuhque,
97 2969 1304 3136 Prouexit autem adhorum cultu
1362 3094 2521 3238 yn teixiptla; ic oteioleuhque, ynjc
118 3123 1284 3275 ram et hos quj ignorabant, arti
1360 3178 2544 3325 oneteutiloc. C. Jn iehoatl in tlacujlo,
123 3228 1274 3410 ficis, eximja diligentia. C. Ille
1350 3281 2521 3426 yn anoço quauhxinquj, anoço texin
1353 3358 2526 3493 quj, anoço teucujtlapitzquj: injc cen
105 3381 1243 3546 enjm volens plus placere illi,
1353 3458 2510 3580 ca qujiolpachiujtiznequj, yn oqujteq̄
1348 3539 2521 3655 ti, oc cenca qualli oqujchiuh, yn amo
106 3507 1277 3673 quj se assumpsit, elaboraujt ar
1350 3619 2557 3719 machiuhquj catca yn jnacaio, yn jtech omo
111 3628 1283 3793 te sua, vt simjlitudinem in me
1354 3694 2585 3804 copin, yn jtech omocujc inteixiptla: oc cen
1337 3757 2528 3865 ca qualli oqujtlali in teixiptla, cenca ic
110 3728 681 3881 lius figuraret.
1341 3849 1841 3948 otetlapololtique.
