2628 4012
900 26 1749 225 Del primero libro.
1393 228 2527 384 Quonjam in me sperabit, liberabo eum,
97 234 1281 381 diujnos. libros. Quonjam inme spera
1395 331 2533 482 protegam eum: quonjam cognoujt no
73 362 1243 479 bit liberabo eum, protegam eum,
1400 417 2547 560 men meum: clamabit aame, et ego
80 444 1274 608 quonjan cognoujt, nomen meum:
1389 525 2550 643 exaudiam eum, cum ipso sum intri
97 539 1275 682 clamabit ad me, et ego exaudiam
1395 588 2534 730 bulatione eripiam eum et glorifica
71 647 1287 783 eum, cum ipso sum in tribulatione,
1383 654 2516 824 bo eum. psal. 90. qujtoznequj: Mo
80 742 1202 907 eripiam eum, et glorificab eum.
1381 770 2559 926 tlatoltia yn dios. Jn aqujn nechnelto
89 810 1252 1029 psal. 90. qujere dezir. Dize dios,
1388 869 2558 1005 caz, yoan notech motemachiz, njcpa
1393 972 2536 1101 leuiz, ipan njnilacatzoz: ipampa cao
92 954 1266 1124 aaquel que esperare en mj yo le
1388 1053 2561 1213 qujxima, in notocatzin: nechmotzatzi
84 1086 1254 1217 librare, ampararle he, porque
1392 1144 2545 1307 liliz, nictlavelcaqujliz, niciollaliz,
84 1181 1319 1330 conocio mj nombre: llamarme a,
1407 1254 2561 1418 yn iquac motequipachoz, njema
101 1272 1295 1467 y yo lo oyre, estare conel, en latri
1389 1359 2565 1543 qujxtiz, nicpaleuiz. Jnjn ca vel ic
88 1388 1282 1561 bulation defenderlehe, y glori
1387 1511 2576 1626 neci, ca çan izeltzin totecujo dios, mo
86 1481 1321 1692 ficarle he. Enestas diujnas pala
1388 1617 2560 1746 tepaleujlianj, motemanavilianj.
85 1615 1301 1813 bras, esta muy claro, que solo di
1394 1714 2543 1865 auh camonequj, çan vel izeltzin
85 1762 1297 1941 os defiende, y ampara, y consu
1388 1816 2567 1977 notzaloz, tlatlauhtiloz: in iquac itla
90 1861 1274 2035 ela, en las tribulationes, alos q̄
1373 1955 2012 2091 techtequjpachoa.
80 1976 1293 2157 ereen enel, y esperan enel: yque
90 2084 1271 2261 solo el deue ser llamado, paraq̄
84 2205 1281 2387 nos socorra, en nrās necesida
103 2320 1280 2501 des, y no otro, porque no ay otro
1376 2408 2564 2562 D. Oc miec tlamantli, ynic inca mocaca
95 2429 1265 2622 dios alguno, sino solo el. D. En
1374 2520 2581 2643 iauhque in veuetque indiablome, intzitzi
92 2574 1255 2725 muchas otras cosas, los diablos enga
1377 2605 2558 2715 tzimj, oqujntlaneltoqujtique: ca cequjn
1370 2707 2566 2855 tin cioateteu inpan qujnmatia: auh y
90 2706 1257 2853 ñaron a vrōs antepasados, y bur
1377 2837 2551 2921 njpampay, qujmilhujqujxtiliaia, yoan
89 2798 1264 2960 laron dellos, haziendolos creer, que
1371 2893 2548 3047 ymjxpan tlamanaia, yoan tlamjctia
106 2916 1289 3108 algunas mugeres, eran diosas: y por
1377 2982 2570 3133 ia. Ce ytoca chicume coatl: in iehoatin
104 3031 1256 3202 tales las adorauan, y reuerentia
1370 3084 2552 3232 itech tlamjloia, in tonacaiutl, in caço
91 3143 1262 3290 uan: como es vna dellas, chicume
1363 3215 2531 3348 tlein, yn encainjulca in maceoalti:
100 3262 1228 3420 coatl: de la qual dezian que ella
1355 3311 2552 3453 ynic vme teteu innan, anoço tlalli
105 3370 1234 3523 hazia, todos los mantenjmientos,
1361 3433 2552 3561 yiollo, no yoan moteneoaia toci: quj
84 3494 1247 3687 y maneras de comidas, de que se
1372 3515 2528 3667 totiaque in veuetque, cai iehoatli,
1377 3595 2557 3737 oquintlacatili in teteu: ca nici intlal
87 3602 1259 3767 mantienen, los cuerpos humanos,
1368 3696 2581 3852 ticpac tlaca, ipampa in moteneoa toci:
80 3714 1272 3877 La segunda destas, dezian ser teteu
1378 3789 2564 3916 Jn iehoatl teteu inna, qujtlaiecultiaia
98 3807 1293 3968 innan, y por otro nombre la llama
