1920 2740
337 -2 577 108 libro. 1.
103 555 153 602 tlA
95 595 146 651 ttal
79 746 247 892 il.
111 892 470 1003 c. Pt.
69 1202 921 1341 El capitulo dozeno, trata: de
64 1304 908 1395 la diosa, de las cosas carnales: la
61 1376 912 1491 qual llamauan, tlaçulteutl: es
65 1456 405 1540 otra Venus.
66 1532 896 1640 Esta diosa, tenja tres nombres: el vno
64 1612 914 1710 era, que se llamaua, tlaçulteutl, que
62 1669 911 1772 qujere dezir: la diosa, de la carnalidad.
65 1726 929 1806 El segundo nombre es: ixcujna: llama
58 1774 909 1868 uanla este nombre: porque dezian, q̄
58 1840 902 1927 eran quatro hermanas. La primera,
55 1899 902 1996 era primogenjta, o hermana mayor:
58 1950 920 2070 que llamauan tiacapan. La segunda,
70 2028 901 2117 era hermana menor: que llamauan
64 2074 909 2170 teicu. La terçera era la de medio: la
66 2128 889 2249 qual llamauan tlaco. La quarta,
67 2193 911 2276 era la menor de todos: que llamauā
58 2252 910 2357 xucotzin. Estas, quatro hermanas:
59 2307 931 2409 dezian, que eran las diosas, de la carna
66 2385 899 2478 lidad. En los nombres bien significa,
69 2441 924 2536 atodas las mugeres: que son aptas, pa
65 2495 924 2592 ra el acto carnal. El tercero nombre,
71 2552 922 2653 desta diosa, es: tlaelquanj, que qujere
75 2633 925 2740 dezir: comedora, de cosas suzias: esto es
1035 10 1463 120 de los dioses:
963 149 1821 230 ti: ca vel ynenca muchioa in mace
965 218 1845 320 oalli, ic vellamati, ic vel nemj. Auh
972 299 1817 404 yujn, in muchichioaia: moxaoa
959 388 1816 477 ia, texotica, motenujltec, motexo
967 471 1833 569 tenujltec, mjxcoçalhuj, chalchiuh
972 562 1814 666 cuzque, xiuhnacoche, texoama
963 660 1833 773 cale, quetzalmjiaoaio, atlacujlol
945 734 1831 858 hvipile, atlacujloluitule,atlacujlol
965 832 1840 938 cueie, atlacueçonanchimale, aiu
966 933 1827 1056 chicaoaçe, cacalaca; poçulcaque.
976 1156 1817 1314 Jnic matlactli vmome capi
972 1283 1806 1409 tulo: ytechpa tlatoa yn tlaçol
959 1395 1118 1483 teutl.
978 1478 1860 1606 Intlaçulteutl: yoan itoca ixcujna,
976 1589 1830 1717 yoan itoca tlaelquanj. Jnic moto
975 1676 1809 1789 caiotia tlaçulteutl, qujl ipampa,
971 1774 1789 1902 qujl iehoatl yiaxca, ytlatquj,
966 1849 1850 1981 ytech pouj, in teuhtli, in tlaçulli:
963 1943 1861 2062 in qujtoznequj, avilnemjliztli, qujl
965 2042 1838 2172 ipan tecuti, ypan tlatocati, yna
958 2126 1828 2256 ujlnemjlizçutl. Auh ynjc itoca,
957 2233 1822 2340 ixcujna: qujl navinti eoah, inci
959 2320 1825 2439 oa: ynjc ce ytoca tiacapan, ynjc
962 2402 1817 2512 vme, ytoca teicu, ynjc ey, itoca
960 2488 1821 2606 tlaco: ynjc nauj itoca xocutzin.
984 2573 1810 2672 Jnjque hin, naujntin cioa: qujl te
1291 2643 1777 2743 uin, ceceiaca yntoca
1036 2648 1249 2741 .Jnjque
