<?xml version="1.0" encoding="UTF-8" standalone="yes"?>
<PcGts xmlns="http://schema.primaresearch.org/PAGE/gts/pagecontent/2013-07-15" xmlns:xsi="http://www.w3.org/2001/XMLSchema-instance" xsi:schemaLocation="http://schema.primaresearch.org/PAGE/gts/pagecontent/2013-07-15 http://schema.primaresearch.org/PAGE/gts/pagecontent/2013-07-15/pagecontent.xsd">
    <Metadata>
        <Creator>prov=University of Rostock/Institute of Mathematics/CITlab|PLANET AI GmbH/Gundram Leifert/gundram.leifert@planet-ai.de:name=Florentine Codex(htr_id=24784)::::v=2.6.6
prov=University of Rostock/Institute of Mathematics/CITlab|PLANET AI GmbH/Tobias Gruening/tobias.gruening@planet-ai.de:name=de.uros.citlab.module.baseline2polygon.B2PSeamMultiOriented:v=2.6.6
prov=University of Rostock/Institute of Mathematics/CITlab|PLANET AI GmbH/Tobias Gruening/tobias.gruening@planet-ai.de:name=/net_tf/LA73_249_0mod360.pb:de.uros.citlab.segmentation.CITlab_LA_ML:v=2.6.6
Transkribus</Creator>
        <Created>2020-06-23T15:23:34.049-07:00</Created>
        <LastChange>2020-06-24T06:32:43.144+02:00</LastChange>
    </Metadata>
    <Page imageFilename="FC_Vol_1_196.png" imageWidth="2460" imageHeight="3926">
        <ReadingOrder>
            <OrderedGroup id="ro_1596736941937" caption="Regions reading order">
                <RegionRefIndexed index="0" regionRef="r1"/>
                <RegionRefIndexed index="1" regionRef="r2"/>
            </OrderedGroup>
        </ReadingOrder>
        <TextRegion orientation="0.0" id="r1" custom="readingOrder {index:0;}">
            <Coords points="54,122 54,3854 1215,3854 1215,122"/>
            <TextLine id="r1l1" custom="readingOrder {index:0;}">
                <Coords points="500,190 635,210 734,179 890,203 962,175 1029,178 1047,169 1048,88 918,84 858,45 690,58 601,20 500,18"/>
                <Baseline points="507,168 533,167 560,166 586,165 613,165 640,165 666,164 693,165 720,165 746,165 773,165 800,165 826,167 853,167 880,167 906,167 933,168 960,168 986,168 1013,167 1040,167"/>
                <TextEquiv>
                    <Unicode>Libro. 2.</Unicode>
                </TextEquiv>
            </TextLine>
            <TextLine id="r1l2" custom="readingOrder {index:1;}">
                <Coords points="71,346 302,338 360,378 590,343 710,379 872,340 1105,361 1172,355 1172,261 873,291 740,247 631,288 491,236 71,282"/>
                <Baseline points="78,344 132,341 186,339 240,338 295,336 349,335 403,335 458,335 512,335 566,335 621,335 675,336 729,336 783,336 838,336 892,338 946,338 1001,338 1055,336 1109,336 1164,336"/>
                <TextEquiv>
                    <Unicode>en el suelo primero: y luego cosian</Unicode>
                </TextEquiv>
            </TextLine>
            <TextLine id="r1l3" custom="readingOrder {index:2;}">
                <Coords points="51,439 1193,468 1192,355 1017,344 953,382 872,341 697,393 501,350 291,392 51,379"/>
                <Baseline points="59,435 115,434 171,431 227,429 284,428 340,426 396,425 453,423 509,423 565,422 622,422 678,422 734,422 790,422 847,422 903,422 959,423 1016,425 1072,426 1128,427 1185,429"/>
                <TextEquiv>
                    <Unicode>las, como estauan compuestas, cō</Unicode>
                </TextEquiv>
            </TextLine>
            <TextLine id="r1l4" custom="readingOrder {index:3;}">
                <Coords points="80,551 707,515 779,561 948,518 1083,565 1186,508 1186,463 753,471 678,438 437,470 403,441 337,479 79,477"/>
                <Baseline points="87,525 141,523 196,519 250,516 305,513 360,512 414,512 469,510 523,510 578,509 633,509 687,510 742,510 796,510 851,510 906,510 960,510 1015,510 1069,509 1124,509 1179,507"/>
                <TextEquiv>
                    <Unicode>cuerdas, hechas de rayzes de ma</Unicode>
                </TextEquiv>
            </TextLine>
            <TextLine id="r1l5" custom="readingOrder {index:4;}">
                <Coords points="82,676 342,632 429,660 544,619 722,649 810,605 1170,629 1170,543 777,559 685,516 625,557 535,513 281,573 82,551"/>
                <Baseline points="89,611 142,609 196,606 250,605 303,603 357,602 411,601 464,600 518,599 572,599 626,599 679,599 733,599 787,599 840,600 894,600 948,602 1001,605 1055,606 1109,609 1163,612"/>
                <TextEquiv>
                    <Unicode>guey. Megado el ayuno, que lla</Unicode>
                </TextEquiv>
            </TextLine>
            <TextLine id="r1l6" custom="readingOrder {index:5;}">
                <Coords points="71,738 1177,708 1176,624 1048,654 877,611 697,658 545,621 346,670 69,605"/>
                <Baseline points="78,710 132,708 187,705 241,704 296,701 351,699 405,698 460,696 514,695 569,694 624,693 678,692 733,692 787,692 842,692 897,692 951,692 1006,692 1060,692 1115,693 1170,695"/>
                <TextEquiv>
                    <Unicode>mnauan, netlaloçaçaoaliztli: todos</Unicode>
                </TextEquiv>
            </TextLine>
            <TextLine id="r1l7" custom="readingOrder {index:6;}">
                <Coords points="60,835 355,782 487,824 564,782 814,778 1008,821 1052,784 1171,796 1190,707 1053,731 958,696 864,749 766,699 467,757 59,747"/>
                <Baseline points="66,803 121,798 177,794 233,791 289,787 345,785 401,783 457,782 513,780 569,780 625,780 680,779 736,780 792,780 848,782 904,782 960,783 1016,785 1072,786 1128,788 1184,791"/>
                <TextEquiv>
                    <Unicode>los satrapas, y ministros de los ydolos</Unicode>
                </TextEquiv>
            </TextLine>
            <TextLine id="r1l8" custom="readingOrder {index:7;}">
                <Coords points="47,888 143,871 282,923 386,861 811,868 1018,908 1181,881 1182,794 1037,832 562,783 501,824 228,834 153,802 48,839"/>
                <Baseline points="54,881 110,876 166,872 222,870 278,867 334,866 390,864 446,864 502,864 558,864 614,866 670,866 726,867 782,869 838,870 894,870 950,872 1006,872 1062,873 1118,873 1175,872"/>
                <TextEquiv>
                    <Unicode>se recogian dentro de la casa, que</Unicode>
                </TextEquiv>
            </TextLine>
            <TextLine id="r1l9" custom="readingOrder {index:8;}">
                <Coords points="47,975 745,986 906,952 1204,984 1203,895 1140,883 361,881 228,925 46,892"/>
                <Baseline points="54,963 111,962 168,960 225,959 282,958 339,956 396,956 453,954 510,954 567,953 625,953 682,953 739,953 796,951 853,951 910,951 967,952 1024,953 1081,953 1138,953 1196,953"/>
                <TextEquiv>
                    <Unicode>llamauan, calmecar, ensus xetan</Unicode>
                </TextEquiv>
            </TextLine>
            <TextLine id="r1l10" custom="readingOrder {index:9;}">
                <Coords points="54,1103 218,1067 515,1102 711,1047 1047,1096 1156,1077 1155,1000 1018,966 969,1006 449,967 277,1012 52,992"/>
                <Baseline points="60,1068 114,1065 168,1064 223,1061 277,1058 332,1056 386,1055 441,1053 495,1051 550,1050 604,1049 658,1047 713,1047 767,1046 822,1046 876,1044 931,1044 985,1044 1040,1044 1094,1044 1149,1044"/>
                <TextEquiv>
                    <Unicode>ymientos, recogian se eneste lugar,</Unicode>
                </TextEquiv>
            </TextLine>
            <TextLine id="r1l11" custom="readingOrder {index:10;}">
                <Coords points="60,1178 360,1192 600,1139 1031,1189 1206,1137 1206,1083 59,1093"/>
                <Baseline points="66,1154 122,1149 179,1145 235,1142 292,1139 349,1137 405,1136 462,1134 519,1134 575,1134 632,1134 689,1134 745,1134 802,1134 859,1134 915,1136 972,1136 1029,1135 1085,1134 1142,1134 1199,1133"/>
                <TextEquiv>
                    <Unicode>los que llamauan, tlamacaztequjoa</Unicode>
                </TextEquiv>
            </TextLine>
            <TextLine id="r1l12" custom="readingOrder {index:11;}">
                <Coords points="51,1288 291,1291 575,1222 660,1259 782,1223 963,1266 1043,1228 1171,1272 1169,1186 1102,1170 803,1185 658,1151 573,1185 50,1205"/>
                <Baseline points="57,1248 112,1245 167,1241 222,1239 278,1236 333,1235 388,1233 444,1231 499,1230 554,1229 610,1229 665,1229 720,1227 775,1227 831,1229 886,1229 941,1229 997,1229 1052,1230 1107,1230 1163,1232"/>
                <TextEquiv>
                    <Unicode>que, que qujere dezir satrapas: q̄</Unicode>
                </TextEquiv>
            </TextLine>
            <TextLine id="r1l13" custom="readingOrder {index:12;}">
                <Coords points="53,1382 134,1342 241,1373 521,1321 645,1367 829,1299 1065,1381 1179,1322 1178,1272 1046,1237 962,1283 551,1249 51,1295"/>
                <Baseline points="59,1347 114,1342 170,1338 225,1334 281,1331 337,1328 392,1326 448,1325 504,1323 559,1323 615,1322 671,1322 726,1322 782,1322 838,1322 893,1322 949,1323 1005,1323 1060,1322 1116,1322 1172,1322"/>
                <TextEquiv>
                    <Unicode>ya aujan hecho azanas, en la gue</Unicode>
                </TextEquiv>
            </TextLine>
            <TextLine id="r1l14" custom="readingOrder {index:13;}">
                <Coords points="46,1448 187,1472 333,1413 410,1456 518,1411 603,1448 893,1411 1100,1453 1204,1421 1204,1344 1064,1382 863,1330 808,1370 613,1346 446,1351 353,1398 46,1385"/>
                <Baseline points="54,1433 111,1429 168,1426 225,1422 282,1421 339,1418 396,1416 454,1415 511,1414 568,1413 625,1413 682,1412 739,1412 796,1412 854,1412 911,1413 968,1413 1025,1415 1082,1415 1139,1416 1197,1418"/>
                <TextEquiv>
                    <Unicode>rra que aujan captiuado tres oqua</Unicode>
                </TextEquiv>
            </TextLine>
            <TextLine id="r1l15" custom="readingOrder {index:14;}">
                <Coords points="71,1531 417,1504 556,1541 727,1502 1183,1533 1183,1457 945,1429 900,1462 70,1448"/>
                <Baseline points="78,1520 132,1515 187,1511 242,1508 297,1505 352,1503 407,1502 462,1502 517,1500 572,1500 627,1500 681,1500 736,1500 791,1502 846,1502 901,1502 956,1502 1011,1503 1066,1503 1121,1502 1176,1502"/>
                <TextEquiv>
                    <Unicode>tco. Estos aunque no residian con</Unicode>
                </TextEquiv>
            </TextLine>
            <TextLine id="r1l16" custom="readingOrder {index:15;}">
                <Coords points="58,1620 755,1610 954,1656 1081,1590 1204,1605 1204,1547 1002,1550 933,1513 762,1560 644,1513 589,1551 293,1517 58,1540"/>
                <Baseline points="66,1602 122,1597 179,1593 235,1590 292,1588 348,1587 405,1586 461,1586 518,1586 574,1587 631,1588 687,1589 744,1590 800,1592 857,1592 913,1592 970,1592 1026,1592 1083,1590 1139,1589 1196,1586"/>
                <TextEquiv>
                    <Unicode>tinuamente enel cu, en algunos tiem</Unicode>
                </TextEquiv>
            </TextLine>
            <TextLine id="r1l17" custom="readingOrder {index:16;}">
                <Coords points="59,1736 176,1702 591,1722 795,1673 1028,1727 1190,1686 1189,1604 1127,1590 952,1656 686,1615 510,1634 447,1598 58,1658"/>
                <Baseline points="66,1697 121,1692 177,1688 233,1684 289,1681 345,1679 400,1677 456,1677 512,1676 568,1676 624,1676 679,1676 735,1677 791,1677 847,1679 903,1679 958,1680 1014,1680 1070,1680 1126,1680 1182,1680"/>
                <TextEquiv>
                    <Unicode>pos señalados, acudian asus officios</Unicode>
                </TextEquiv>
            </TextLine>
            <TextLine id="r1l18" custom="readingOrder {index:17;}">
                <Coords points="78,1821 344,1836 481,1773 814,1760 1100,1805 1210,1782 1209,1689 1097,1743 998,1711 908,1735 796,1673 733,1724 151,1703 77,1745"/>
                <Baseline points="84,1784 142,1780 201,1776 260,1775 319,1772 378,1769 437,1767 496,1766 555,1766 614,1764 672,1764 731,1764 790,1764 849,1764 908,1766 967,1767 1026,1767 1085,1769 1144,1770 1203,1772"/>
                <TextEquiv>
                    <Unicode>al cu: recogianse tambien otros, que</Unicode>
                </TextEquiv>
            </TextLine>
            <TextLine id="r1l19" custom="readingOrder {index:18;}">
                <Coords points="59,1925 559,1870 753,1917 827,1862 895,1900 1014,1882 1070,1925 1187,1891 1185,1796 984,1822 603,1768 435,1843 57,1828"/>
                <Baseline points="65,1892 120,1890 176,1888 232,1886 287,1883 343,1880 399,1877 454,1875 510,1872 566,1869 622,1868 677,1865 733,1865 789,1863 844,1863 900,1865 956,1866 1011,1869 1067,1872 1123,1876 1179,1883"/>
                <TextEquiv>
                    <Unicode>llamauan tlamacazcayiaque, que</Unicode>
                </TextEquiv>
            </TextLine>
            <TextLine id="r1l20" custom="readingOrder {index:19;}">
                <Coords points="74,2044 191,1987 374,2003 424,1970 659,2006 727,1967 838,2006 887,1965 961,2002 1137,1970 1184,1996 1194,1920 799,1884 722,1922 576,1879 489,1937 349,1883 261,1941 71,1948"/>
                <Baseline points="80,1995 135,1990 190,1986 246,1981 301,1977 357,1975 412,1971 467,1970 523,1967 578,1965 634,1965 689,1964 744,1962 800,1962 855,1962 911,1962 966,1964 1021,1964 1077,1965 1132,1967 1188,1968"/>
                <TextEquiv>
                    <Unicode>qujere dezir satrapas, que ya an</Unicode>
                </TextEquiv>
            </TextLine>
            <TextLine id="r1l21" custom="readingOrder {index:20;}">
                <Coords points="81,2131 399,2055 682,2054 764,2103 831,2053 948,2046 1191,2082 1188,1998 722,1978 656,2013 569,1972 78,2043"/>
                <Baseline points="87,2088 141,2082 196,2077 251,2072 306,2067 360,2064 415,2060 470,2058 525,2055 579,2052 634,2051 689,2049 744,2048 798,2046 853,2046 908,2046 963,2046 1017,2046 1072,2046 1127,2047 1182,2048"/>
                <TextEquiv>
                    <Unicode>captiuado vno en la guerra, tan</Unicode>
                </TextEquiv>
            </TextLine>
            <TextLine id="r1l22" custom="readingOrder {index:21;}">
                <Coords points="62,2211 115,2174 633,2149 1147,2197 1142,2078 1106,2067 680,2112 565,2075 226,2083 59,2120"/>
                <Baseline points="68,2180 121,2175 174,2171 228,2167 281,2163 335,2160 388,2156 442,2153 495,2150 549,2148 602,2145 655,2144 709,2142 762,2141 816,2139 869,2139 923,2138 976,2138 1030,2138 1083,2138 1137,2139"/>
                <TextEquiv>
                    <Unicode>poco estos residian siempre en los</Unicode>
                </TextEquiv>
            </TextLine>
            <TextLine id="r1l23" custom="readingOrder {index:22;}">
                <Coords points="72,2321 383,2250 684,2240 926,2282 1019,2230 1196,2255 1207,2164 1140,2197 1001,2161 490,2209 441,2171 245,2170 68,2213"/>
                <Baseline points="77,2265 133,2262 189,2258 245,2254 302,2251 358,2248 414,2246 470,2243 527,2240 583,2238 639,2236 695,2234 752,2233 808,2232 864,2231 920,2231 977,2231 1033,2231 1089,2231 1145,2232 1202,2234"/>
                <TextEquiv>
                    <Unicode>offioios de los cues, mas acudian los</Unicode>
                </TextEquiv>
            </TextLine>
            <TextLine id="r1l24" custom="readingOrder {index:23;}">
                <Coords points="86,2362 252,2377 517,2328 926,2382 1012,2324 1179,2326 1177,2241 1014,2231 928,2283 657,2241 85,2318"/>
                <Baseline points="93,2349 149,2344 206,2340 263,2337 320,2334 376,2331 433,2328 490,2327 547,2327 604,2325 660,2324 717,2324 774,2322 831,2322 888,2322 944,2321 1001,2321 1058,2321 1115,2321 1172,2319"/>
                <TextEquiv>
                    <Unicode>tiempos señalados asus officios:</Unicode>
                </TextEquiv>
            </TextLine>
            <TextLine id="r1l25" custom="readingOrder {index:24;}">
                <Coords points="73,2451 221,2487 392,2447 455,2474 533,2421 856,2417 944,2455 1046,2406 1177,2436 1186,2332 958,2384 597,2353 72,2396"/>
                <Baseline points="80,2444 135,2437 190,2432 245,2429 300,2424 355,2423 410,2420 465,2419 520,2417 575,2417 630,2417 685,2415 740,2415 795,2415 850,2415 905,2415 960,2414 1015,2413 1070,2411 1125,2409 1181,2406"/>
                <TextEquiv>
                    <Unicode>recogranse tambien otros, que lla</Unicode>
                </TextEquiv>
            </TextLine>
            <TextLine id="r1l26" custom="readingOrder {index:25;}">
                <Coords points="90,2557 187,2567 308,2512 637,2552 807,2512 862,2558 904,2522 1123,2517 1166,2440 997,2434 799,2488 427,2478 391,2448 89,2490"/>
                <Baseline points="96,2529 149,2526 202,2523 255,2522 308,2520 362,2518 415,2517 468,2516 521,2516 574,2515 628,2514 681,2514 734,2514 787,2513 840,2513 894,2513 947,2511 1000,2511 1053,2510 1106,2509 1160,2507"/>
                <TextEquiv>
                    <Unicode>mauan tlamacazque, cujcanjme</Unicode>
                </TextEquiv>
            </TextLine>
            <TextLine id="r1l27" custom="readingOrder {index:26;}">
                <Coords points="80,2667 454,2598 547,2629 792,2593 1201,2617 1212,2549 1116,2516 861,2557 705,2517 630,2556 469,2519 246,2595 78,2576"/>
                <Baseline points="86,2621 144,2616 203,2613 262,2610 321,2607 380,2605 439,2603 498,2601 557,2600 616,2598 674,2598 733,2597 792,2597 851,2597 910,2595 969,2595 1028,2595 1087,2595 1146,2595 1205,2594"/>
                <TextEquiv>
                    <Unicode>que qujere dezir, los satrapas can</Unicode>
                </TextEquiv>
            </TextLine>
            <TextLine id="r1l28" custom="readingOrder {index:27;}">
                <Coords points="88,2727 294,2733 444,2688 578,2728 722,2683 944,2726 1192,2714 1190,2633 1151,2618 1014,2664 859,2615 136,2630 87,2666"/>
                <Baseline points="95,2711 149,2707 203,2705 258,2701 312,2699 367,2696 421,2694 476,2691 530,2689 585,2687 639,2685 693,2684 748,2682 802,2681 857,2681 911,2681 966,2681 1020,2682 1075,2684 1129,2685 1184,2688"/>
                <TextEquiv>
                    <Unicode>tores: estos siempre residian, en los</Unicode>
                </TextEquiv>
            </TextLine>
            <TextLine id="r1l29" custom="readingOrder {index:28;}">
                <Coords points="70,2823 568,2783 873,2821 997,2775 1073,2816 1178,2807 1175,2715 768,2734 624,2705 68,2749"/>
                <Baseline points="77,2805 131,2800 186,2796 240,2793 295,2789 350,2786 404,2783 459,2780 514,2777 568,2776 623,2774 678,2772 732,2772 787,2771 842,2770 896,2769 951,2769 1006,2769 1060,2769 1115,2771 1170,2771"/>
                <TextEquiv>
                    <Unicode>gues, porque aun ninguna azaña</Unicode>
                </TextEquiv>
            </TextLine>
            <TextLine id="r1l30" custom="readingOrder {index:29;}">
                <Coords points="79,2906 144,2929 300,2888 407,2921 442,2886 561,2914 625,2885 716,2924 877,2860 1107,2892 1198,2861 1197,2820 765,2824 679,2784 539,2837 451,2792 78,2860"/>
                <Baseline points="86,2891 141,2886 196,2882 251,2878 307,2876 362,2873 417,2870 472,2868 528,2865 583,2864 638,2862 693,2861 749,2861 804,2859 859,2858 914,2858 970,2858 1025,2858 1080,2856 1135,2856 1191,2856"/>
                <TextEquiv>
                    <Unicode>aujan hecho, en la guerra. Despu</Unicode>
                </TextEquiv>
            </TextLine>
            <TextLine id="r1l31" custom="readingOrder {index:30;}">
                <Coords points="77,2981 416,2958 517,3015 707,2940 881,2985 933,2953 1181,2962 1180,2912 1047,2899 996,2854 920,2924 849,2879 367,2926 240,2889 77,2943"/>
                <Baseline points="84,2973 138,2970 192,2965 247,2963 301,2961 356,2958 410,2957 465,2955 519,2954 574,2952 628,2951 682,2951 737,2950 791,2949 846,2949 900,2949 955,2949 1009,2949 1064,2949 1118,2949 1173,2951"/>
                <TextEquiv>
                    <Unicode>es destos se recogian todos, los otros</Unicode>
                </TextEquiv>
            </TextLine>
            <TextLine id="r1l32" custom="readingOrder {index:31;}">
                <Coords points="87,3085 192,3050 529,3051 563,3084 721,3046 806,3093 951,3035 1219,3060 1217,2956 993,2986 934,2952 882,2986 714,2949 640,3009 515,3017 458,2970 407,3011 272,2971 85,3019"/>
                <Baseline points="93,3059 148,3055 204,3051 260,3049 316,3046 372,3045 428,3044 484,3042 540,3042 596,3041 652,3041 707,3040 763,3039 819,3039 875,3039 931,3038 987,3038 1043,3036 1099,3035 1155,3033 1211,3032"/>
                <TextEquiv>
                    <Unicode>mjnistros, delos ydolos, que eranme</Unicode>
                </TextEquiv>
            </TextLine>
            <TextLine id="r1l33" custom="readingOrder {index:32;}">
                <Coords points="70,3168 203,3154 287,3195 374,3141 631,3130 1064,3156 1189,3135 1187,3066 940,3042 821,3087 683,3057 68,3107"/>
                <Baseline points="77,3153 132,3151 187,3149 242,3146 298,3143 353,3140 408,3137 463,3135 519,3132 574,3130 629,3128 684,3126 740,3125 795,3123 850,3123 905,3122 961,3122 1016,3122 1071,3122 1126,3123 1182,3125"/>
                <TextEquiv>
                    <Unicode>nores, que llamauan, tlamacaztei</Unicode>
                </TextEquiv>
            </TextLine>
            <TextLine id="r1l34" custom="readingOrder {index:33;}">
                <Coords points="79,3264 362,3280 432,3232 536,3278 601,3236 1113,3223 1224,3268 1221,3161 1168,3133 1076,3177 944,3182 864,3132 457,3193 364,3155 288,3194 194,3156 77,3177"/>
                <Baseline points="86,3242 142,3240 198,3239 255,3237 311,3235 368,3233 424,3231 481,3228 537,3227 594,3225 650,3222 706,3221 763,3219 819,3218 876,3216 932,3216 989,3216 1045,3216 1102,3216 1158,3218 1215,3219"/>
                <TextEquiv>
                    <Unicode>cahoan, que qujere dezix, ministros</Unicode>
                </TextEquiv>
            </TextLine>
            <TextLine id="r1l35" custom="readingOrder {index:34;}">
                <Coords points="73,3343 528,3314 637,3346 854,3327 948,3367 1003,3327 1203,3338 1202,3266 1008,3233 763,3271 594,3244 536,3278 433,3233 330,3283 72,3258"/>
                <Baseline points="80,3321 135,3321 191,3321 247,3320 303,3320 359,3318 414,3317 470,3315 526,3312 582,3311 638,3309 693,3308 749,3306 805,3305 861,3303 917,3303 972,3303 1028,3303 1084,3305 1140,3306 1196,3308"/>
                <TextEquiv>
                    <Unicode>menores: tambien se recogian, o</Unicode>
                </TextEquiv>
            </TextLine>
            <TextLine id="r1l36" custom="readingOrder {index:35;}">
                <Coords points="73,3434 350,3440 457,3398 1215,3462 1214,3341 571,3373 487,3325 303,3367 71,3343"/>
                <Baseline points="80,3414 136,3411 192,3408 249,3405 305,3404 362,3402 418,3401 474,3400 531,3399 587,3399 644,3398 700,3398 756,3398 813,3398 869,3398 926,3398 982,3398 1038,3398 1095,3396 1151,3396 1208,3395"/>
                <TextEquiv>
                    <Unicode>tros muchachos, como saeristanejos:</Unicode>
                </TextEquiv>
            </TextLine>
            <TextLine id="r1l37" custom="readingOrder {index:36;}">
                <Coords points="68,3537 499,3529 804,3466 882,3509 1191,3483 1147,3428 774,3448 410,3414 278,3458 157,3424 67,3474"/>
                <Baseline points="75,3513 130,3505 185,3500 241,3495 296,3491 352,3489 407,3486 463,3485 518,3485 574,3485 629,3485 684,3485 740,3485 795,3485 851,3486 906,3486 962,3486 1017,3485 1073,3483 1128,3482 1184,3480"/>
                <TextEquiv>
                    <Unicode>alos quales llamauan tlamacato</Unicode>
                </TextEquiv>
            </TextLine>
            <TextLine id="r1l38" custom="readingOrder {index:37;}">
                <Coords points="66,3604 261,3636 355,3589 451,3631 564,3582 686,3624 815,3562 880,3617 937,3582 1202,3593 1200,3491 819,3550 363,3532 223,3575 65,3546"/>
                <Baseline points="74,3599 130,3595 186,3592 242,3589 298,3587 354,3585 410,3585 466,3584 522,3582 578,3582 634,3582 690,3581 746,3581 802,3581 858,3581 914,3581 970,3581 1026,3579 1082,3579 1138,3578 1194,3576"/>
                <TextEquiv>
                    <Unicode>ton, que qujere dezir, mjnistros pe</Unicode>
                </TextEquiv>
            </TextLine>
            <TextLine id="r1l39" custom="readingOrder {index:38;}">
                <Coords points="83,3744 146,3697 399,3680 587,3710 639,3668 1194,3678 1202,3594 880,3618 798,3568 685,3626 625,3591 422,3653 81,3670"/>
                <Baseline points="89,3698 144,3693 199,3690 255,3687 310,3684 365,3681 421,3678 476,3677 531,3674 587,3672 642,3671 697,3669 753,3669 808,3668 863,3668 919,3666 974,3666 1029,3666 1085,3668 1140,3668 1196,3668"/>
                <TextEquiv>
                    <Unicode>quenueços. Despues destos tendiā</Unicode>
                </TextEquiv>
            </TextLine>
            <TextLine id="r1l40" custom="readingOrder {index:39;}">
                <Coords points="79,3796 660,3744 965,3760 1011,3795 1214,3758 1212,3675 1079,3704 1006,3674 896,3703 631,3673 587,3710 275,3688 78,3756"/>
                <Baseline points="86,3777 142,3773 198,3768 254,3766 310,3762 366,3761 422,3758 478,3756 534,3754 590,3753 646,3752 702,3750 758,3750 814,3749 870,3749 926,3749 982,3749 1038,3749 1094,3749 1150,3749 1206,3749"/>
                <TextEquiv>
                    <Unicode>al rededor de los hobares, aquellas</Unicode>
                </TextEquiv>
            </TextLine>
            <TextLine id="r1l41" custom="readingOrder {index:40;}">
                <Coords points="88,3863 275,3841 463,3878 625,3831 738,3879 1193,3833 1192,3786 1136,3758 1011,3792 767,3749 87,3790"/>
                <Baseline points="95,3839 149,3839 204,3838 258,3837 313,3836 367,3836 422,3834 476,3834 531,3833 585,3832 640,3831 694,3830 749,3829 803,3828 858,3827 912,3827 967,3825 1021,3825 1076,3824 1130,3822 1185,3822"/>
                <TextEquiv>
                    <Unicode>mantas, de juncias, que aujan hes</Unicode>
                </TextEquiv>
            </TextLine>
            <TextEquiv>
                <Unicode>Libro. 2.
en el suelo primero: y luego cosian
las, como estauan compuestas, cō
cuerdas, hechas de rayzes de ma
guey. Megado el ayuno, que lla
mnauan, netlaloçaçaoaliztli: todos
los satrapas, y ministros de los ydolos
se recogian dentro de la casa, que
llamauan, calmecar, ensus xetan
ymientos, recogian se eneste lugar,
los que llamauan, tlamacaztequjoa
que, que qujere dezir satrapas: q̄
ya aujan hecho azanas, en la gue
rra que aujan captiuado tres oqua
tco. Estos aunque no residian con
tinuamente enel cu, en algunos tiem
pos señalados, acudian asus officios
al cu: recogianse tambien otros, que
llamauan tlamacazcayiaque, que
qujere dezir satrapas, que ya an
captiuado vno en la guerra, tan
poco estos residian siempre en los
offioios de los cues, mas acudian los
tiempos señalados asus officios:
recogranse tambien otros, que lla
mauan tlamacazque, cujcanjme
que qujere dezir, los satrapas can
tores: estos siempre residian, en los
gues, porque aun ninguna azaña
aujan hecho, en la guerra. Despu
es destos se recogian todos, los otros
mjnistros, delos ydolos, que eranme
nores, que llamauan, tlamacaztei
cahoan, que qujere dezix, ministros
menores: tambien se recogian, o
tros muchachos, como saeristanejos:
alos quales llamauan tlamacato
ton, que qujere dezir, mjnistros pe
quenueços. Despues destos tendiā
al rededor de los hobares, aquellas
mantas, de juncias, que aujan hes</Unicode>
            </TextEquiv>
        </TextRegion>
        <TextRegion orientation="0.0" id="r2" custom="readingOrder {index:1;}">
            <Coords points="1269,110 1269,3811 2426,3811 2426,110"/>
            <TextLine id="r2l1" custom="readingOrder {index:0;}">
                <Coords points="1546,177 2246,211 2407,147 2406,64 2183,104 2023,59 1816,92 1761,68 1723,95 1618,66 1545,93"/>
                <Baseline points="1553,176 1595,174 1637,174 1680,173 1722,173 1764,173 1807,173 1849,174 1891,174 1934,174 1976,174 2018,174 2061,174 2103,174 2145,174 2188,173 2230,171 2272,170 2315,167 2357,165 2400,161"/>
                <TextEquiv>
                    <Unicode>de las cerimonjas</Unicode>
                </TextEquiv>
            </TextLine>
            <TextLine id="r2l2" custom="readingOrder {index:1;}">
                <Coords points="1285,362 1755,341 2166,382 2417,343 2403,258 2280,291 1286,260"/>
                <Baseline points="1293,345 1348,340 1404,337 1460,334 1516,333 1572,332 1627,332 1683,333 1739,333 1795,335 1851,336 1906,338 1962,339 2018,341 2074,341 2130,342 2185,342 2241,341 2297,339 2353,338 2409,333"/>
                <TextEquiv>
                    <Unicode>iehicacatlamaceuhque, compopoa</Unicode>
                </TextEquiv>
            </TextLine>
            <TextLine id="r2l3" custom="readingOrder {index:2;}">
                <Coords points="1304,450 1802,440 1898,476 1938,447 2084,471 2382,437 2382,371 2346,357 2015,391 1950,358 1304,366"/>
                <Baseline points="1311,446 1364,442 1417,438 1470,435 1523,432 1577,431 1630,431 1683,431 1736,431 1789,431 1843,432 1896,432 1949,434 2002,434 2055,435 2109,435 2162,435 2215,435 2268,434 2321,433 2375,431"/>
                <TextEquiv>
                    <Unicode>contepopoaltiaia, qujpopooaia</Unicode>
                </TextEquiv>
            </TextLine>
            <TextLine id="r2l4" custom="readingOrder {index:3;}">
                <Coords points="1307,567 1613,524 1792,585 1879,527 1986,573 2169,527 2321,551 2419,522 2419,471 1306,450"/>
                <Baseline points="1314,543 1368,538 1423,531 1478,527 1533,525 1588,522 1643,521 1698,521 1753,521 1808,522 1863,522 1917,524 1972,525 2027,527 2082,527 2137,528 2192,528 2247,527 2302,526 2357,524 2412,521"/>
                <TextEquiv>
                    <Unicode>ynjc tlamacazque, ynic tlama</Unicode>
                </TextEquiv>
            </TextLine>
            <TextLine id="r2l5" custom="readingOrder {index:4;}">
                <Coords points="1295,668 1508,674 1586,626 1772,662 1855,624 1939,656 2055,626 2101,666 2380,633 2379,563 2323,548 1949,583 1661,541 1610,583 1294,580"/>
                <Baseline points="1302,639 1355,633 1409,629 1462,624 1516,623 1569,620 1623,618 1676,618 1730,618 1783,618 1837,618 1891,620 1944,620 1998,621 2051,621 2105,621 2158,621 2212,621 2265,620 2319,618 2373,615"/>
                <TextEquiv>
                    <Unicode>ceoa, ymixco ymicpac qujma</Unicode>
                </TextEquiv>
            </TextLine>
            <TextLine id="r2l6" custom="readingOrder {index:5;}">
                <Coords points="1292,749 1484,772 1679,725 1778,769 2041,767 2117,720 2398,713 2397,636 2320,634 2234,700 1798,647 1291,684"/>
                <Baseline points="1299,741 1353,734 1408,728 1462,725 1517,722 1572,719 1626,718 1681,717 1735,717 1790,719 1845,719 1899,720 1954,722 2008,722 2063,722 2118,722 2172,720 2227,719 2281,714 2336,710 2391,704"/>
                <TextEquiv>
                    <Unicode>naia, ynic tlamacazque. Auh</Unicode>
                </TextEquiv>
            </TextLine>
            <TextLine id="r2l7" custom="readingOrder {index:6;}">
                <Coords points="1301,857 1637,869 1781,829 2283,874 2383,861 2383,771 1301,778"/>
                <Baseline points="1308,840 1361,832 1414,827 1468,822 1521,820 1575,818 1628,816 1681,816 1735,816 1788,818 1842,819 1895,820 1948,822 2002,822 2055,824 2109,825 2162,825 2215,824 2269,822 2322,821 2376,818"/>
                <TextEquiv>
                    <Unicode>yn oacico, yn ocaxitico aztapi</Unicode>
                </TextEquiv>
            </TextLine>
            <TextLine id="r2l8" custom="readingOrder {index:7;}">
                <Coords points="1287,955 1727,929 1962,970 2203,934 2298,974 2410,926 2410,869 1286,878"/>
                <Baseline points="1293,941 1348,934 1404,930 1459,927 1515,924 1570,922 1626,921 1681,920 1737,920 1792,921 1848,922 1903,923 1959,924 2014,926 2070,926 2125,927 2181,927 2236,927 2292,927 2347,926 2403,923"/>
                <TextEquiv>
                    <Unicode>li: njman ie ic moço, mocoço, in</Unicode>
                </TextEquiv>
            </TextLine>
            <TextLine id="r2l9" custom="readingOrder {index:8;}">
                <Coords points="1292,1064 1549,1026 1618,1070 1794,1026 1940,1078 1994,1048 2370,1067 2380,958 1898,978 1828,945 1635,990 1571,947 1292,962"/>
                <Baseline points="1299,1038 1352,1033 1406,1029 1460,1026 1513,1025 1567,1022 1621,1022 1674,1021 1728,1020 1782,1022 1836,1022 1889,1023 1943,1023 1997,1025 2050,1026 2104,1026 2158,1028 2211,1028 2265,1028 2319,1028 2373,1026"/>
                <TextEquiv>
                    <Unicode>aztapili: qujchioa yn aztapil</Unicode>
                </TextEquiv>
            </TextLine>
            <TextLine id="r2l10" custom="readingOrder {index:9;}">
                <Coords points="1291,1170 1814,1125 1951,1167 2061,1134 2356,1151 2333,1055 2188,1089 1985,1053 1858,1087 1290,1067"/>
                <Baseline points="1298,1143 1350,1140 1403,1137 1455,1134 1508,1133 1560,1131 1613,1128 1665,1128 1718,1127 1770,1127 1823,1127 1876,1127 1928,1127 1981,1128 2033,1128 2086,1130 2138,1131 2191,1132 2243,1133 2296,1134 2349,1136"/>
                <TextEquiv>
                    <Unicode>petlatl, yoan aujilpia in toli,</Unicode>
                </TextEquiv>
            </TextLine>
            <TextLine id="r2l11" custom="readingOrder {index:10;}">
                <Coords points="1283,1250 1533,1233 1639,1269 1752,1221 1911,1224 1998,1275 2130,1228 2222,1272 2431,1228 2431,1153 2308,1198 2128,1156 1596,1187 1478,1144 1283,1190"/>
                <Baseline points="1290,1242 1346,1236 1403,1230 1460,1227 1516,1224 1573,1222 1630,1221 1686,1220 1743,1220 1800,1220 1857,1221 1913,1223 1970,1223 2027,1225 2083,1227 2140,1228 2197,1229 2253,1230 2310,1230 2367,1232 2424,1230"/>
                <TextEquiv>
                    <Unicode>tolicpalli qujchioaia, yoan qujchi</Unicode>
                </TextEquiv>
            </TextLine>
            <TextLine id="r2l12" custom="readingOrder {index:11;}">
                <Coords points="1279,1373 1438,1337 1500,1375 1642,1331 1725,1361 1910,1325 2242,1365 2422,1339 2397,1288 2108,1253 1979,1283 1679,1252 1279,1305"/>
                <Baseline points="1287,1353 1343,1348 1399,1342 1456,1339 1512,1335 1568,1332 1625,1329 1681,1329 1737,1328 1794,1328 1850,1328 1906,1328 1963,1328 2019,1329 2075,1331 2132,1331 2188,1332 2244,1334 2301,1335 2357,1335 2414,1337"/>
                <TextEquiv>
                    <Unicode>oaia tepotzoicpalli netlaxonj: ca</Unicode>
                </TextEquiv>
            </TextLine>
            <TextLine id="r2l13" custom="readingOrder {index:12;}">
                <Coords points="1276,1469 1490,1487 1674,1433 2141,1477 2213,1450 2351,1493 2406,1473 2406,1355 2353,1389 2021,1352 1911,1398 1777,1359 1276,1405"/>
                <Baseline points="1283,1461 1338,1455 1394,1450 1450,1446 1506,1443 1562,1440 1617,1437 1673,1436 1729,1434 1785,1434 1841,1434 1896,1434 1952,1436 2008,1438 2064,1440 2120,1443 2175,1446 2231,1449 2287,1454 2343,1457 2399,1463"/>
                <TextEquiv>
                    <Unicode>no ie ic muchioa in aztapili, az</Unicode>
                </TextEquiv>
            </TextLine>
            <TextLine id="r2l14" custom="readingOrder {index:13;}">
                <Coords points="1281,1584 1356,1598 1424,1557 1522,1594 1937,1535 2377,1559 2360,1496 2139,1511 1997,1466 1947,1508 1868,1466 1815,1501 1473,1477 1281,1523"/>
                <Baseline points="1289,1566 1343,1561 1397,1558 1451,1555 1505,1551 1559,1548 1613,1546 1667,1544 1721,1542 1775,1541 1829,1541 1883,1541 1937,1541 1991,1541 2045,1542 2099,1542 2153,1545 2207,1547 2261,1550 2315,1553 2370,1557"/>
                <TextEquiv>
                    <Unicode>tapiltepotzoicpalli. Niman ie ic</Unicode>
                </TextEquiv>
            </TextLine>
            <TextLine id="r2l15" custom="readingOrder {index:14;}">
                <Coords points="1295,1680 1517,1700 1664,1658 1811,1713 1964,1693 2021,1644 2370,1671 2407,1650 2406,1557 2203,1581 2149,1628 1937,1549 1872,1601 1454,1597 1294,1637"/>
                <Baseline points="1302,1670 1356,1662 1411,1657 1466,1653 1521,1649 1576,1646 1631,1644 1686,1643 1741,1643 1796,1643 1851,1643 1905,1643 1960,1643 2015,1644 2070,1646 2125,1646 2180,1647 2235,1647 2290,1649 2345,1649 2400,1649"/>
                <TextEquiv>
                    <Unicode>acquj qujcujcujtlalpia, in tuli</Unicode>
                </TextEquiv>
            </TextLine>
            <TextLine id="r2l16" custom="readingOrder {index:15;}">
                <Coords points="1277,1792 1879,1768 1985,1810 2204,1783 2397,1811 2376,1705 2090,1715 2003,1673 1811,1713 1479,1683 1277,1727"/>
                <Baseline points="1284,1776 1339,1772 1394,1767 1449,1763 1505,1761 1560,1758 1615,1757 1671,1755 1726,1755 1781,1755 1837,1755 1892,1755 1947,1755 2002,1757 2058,1757 2113,1758 2168,1758 2224,1758 2279,1760 2334,1760 2390,1758"/>
                <TextEquiv>
                    <Unicode>in tulpitzaoac: auh yn omocuj</Unicode>
                </TextEquiv>
            </TextLine>
            <TextLine id="r2l17" custom="readingOrder {index:16;}">
                <Coords points="1295,1905 1360,1929 1449,1881 1673,1908 1931,1868 2397,1901 2395,1811 1415,1796 1294,1859"/>
                <Baseline points="1302,1896 1356,1889 1410,1883 1464,1877 1519,1873 1573,1869 1627,1867 1682,1865 1736,1863 1790,1862 1845,1862 1899,1862 1953,1862 2007,1862 2062,1862 2116,1862 2170,1863 2225,1863 2279,1863 2333,1863 2388,1863"/>
                <TextEquiv>
                    <Unicode>cujtlalpi, njman ie ic mouipa</Unicode>
                </TextEquiv>
            </TextLine>
            <TextLine id="r2l18" custom="readingOrder {index:17;}">
                <Coords points="1279,2022 1707,1978 1874,2004 1938,1971 2341,1997 2411,1985 2409,1910 2225,1923 2136,1878 2090,1911 1454,1902 1277,1963"/>
                <Baseline points="1286,2000 1341,1995 1397,1991 1453,1986 1509,1982 1565,1980 1621,1976 1676,1974 1732,1971 1788,1970 1844,1968 1900,1967 1956,1965 2012,1965 2067,1965 2123,1964 2179,1965 2235,1965 2291,1965 2347,1967 2403,1968"/>
                <TextEquiv>
                    <Unicode>na, tlalpan molpitiuh, moca</Unicode>
                </TextEquiv>
            </TextLine>
            <TextLine id="r2l19" custom="readingOrder {index:18;}">
                <Coords points="1286,2124 2401,2078 2381,2020 2082,2029 1782,1986 1423,2003 1375,2050 1285,2054"/>
                <Baseline points="1293,2109 1348,2103 1403,2099 1458,2094 1513,2091 1568,2087 1623,2084 1678,2081 1733,2079 1788,2077 1843,2075 1898,2074 1953,2073 2008,2073 2063,2072 2118,2073 2173,2073 2228,2073 2283,2075 2338,2076 2394,2078"/>
                <TextEquiv>
                    <Unicode>catzilpitiuh menelhoatica, me</Unicode>
                </TextEquiv>
            </TextLine>
            <TextLine id="r2l20" custom="readingOrder {index:19;}">
                <Coords points="1291,2243 1459,2258 1550,2208 1903,2189 2322,2229 2423,2192 2420,2107 1935,2106 1817,2165 1667,2128 1289,2169"/>
                <Baseline points="1298,2228 1353,2219 1409,2213 1465,2207 1521,2202 1577,2198 1633,2196 1688,2193 1744,2190 1800,2190 1856,2189 1912,2189 1968,2187 2024,2187 2079,2187 2135,2187 2191,2187 2247,2187 2303,2186 2359,2185 2415,2184"/>
                <TextEquiv>
                    <Unicode>tzonmecatica. Auh in ie iuhquj</Unicode>
                </TextEquiv>
            </TextLine>
            <TextLine id="r2l21" custom="readingOrder {index:20;}">
                <Coords points="1290,2348 2034,2358 2274,2305 2366,2357 2397,2342 2393,2189 2323,2228 1965,2205 1904,2252 1288,2276"/>
                <Baseline points="1296,2330 1350,2324 1405,2320 1459,2316 1514,2314 1569,2311 1623,2309 1678,2307 1732,2305 1787,2304 1842,2303 1896,2301 1951,2301 2005,2301 2060,2300 2115,2300 2169,2300 2224,2300 2278,2300 2333,2300 2388,2300"/>
                <TextEquiv>
                    <Unicode>in ie vmpeoaz, netlalocacaoaliz</Unicode>
                </TextEquiv>
            </TextLine>
            <TextLine id="r2l22" custom="readingOrder {index:21;}">
                <Coords points="1288,2443 2363,2421 2398,2409 2397,2342 2232,2375 1286,2347"/>
                <Baseline points="1295,2429 1349,2424 1404,2421 1459,2416 1514,2412 1569,2410 1623,2407 1678,2406 1733,2403 1788,2402 1843,2400 1897,2400 1952,2400 2007,2400 2062,2400 2117,2400 2171,2401 2226,2402 2281,2403 2336,2405 2391,2406"/>
                <TextEquiv>
                    <Unicode>tli: yn oiooac njman mocacal</Unicode>
                </TextEquiv>
            </TextLine>
            <TextLine id="r2l23" custom="readingOrder {index:22;}">
                <Coords points="1279,2553 1578,2514 2073,2547 2218,2512 2302,2552 2433,2508 2431,2425 2349,2467 2205,2425 2132,2462 2064,2424 1966,2462 1812,2433 1278,2457"/>
                <Baseline points="1286,2534 1343,2528 1400,2522 1457,2517 1514,2513 1571,2508 1628,2505 1685,2504 1742,2502 1799,2501 1856,2499 1913,2499 1970,2499 2027,2499 2084,2501 2141,2502 2198,2503 2255,2505 2312,2507 2369,2508 2426,2510"/>
                <TextEquiv>
                    <Unicode>tema, necacaltemalon tlamaca:</Unicode>
                </TextEquiv>
            </TextLine>
            <TextLine id="r2l24" custom="readingOrder {index:23;}">
                <Coords points="1275,2668 1479,2610 2313,2659 2420,2638 2419,2546 2345,2575 1664,2530 1273,2552"/>
                <Baseline points="1281,2634 1337,2626 1394,2620 1450,2614 1507,2609 1563,2606 1620,2604 1676,2603 1733,2603 1789,2603 1846,2603 1903,2603 1959,2604 2016,2606 2072,2607 2129,2608 2185,2609 2242,2610 2298,2610 2355,2609 2412,2609"/>
                <TextEquiv>
                    <Unicode>que; in tlamacazcatequjoaque,</Unicode>
                </TextEquiv>
            </TextLine>
            <TextLine id="r2l25" custom="readingOrder {index:24;}">
                <Coords points="1276,2754 1925,2716 2090,2755 2216,2722 2284,2760 2414,2720 2413,2638 2123,2678 1850,2663 1753,2619 1702,2659 1539,2654 1464,2617 1275,2673"/>
                <Baseline points="1283,2742 1339,2734 1395,2726 1451,2720 1507,2716 1563,2712 1619,2711 1676,2709 1732,2708 1788,2708 1844,2709 1900,2709 1956,2711 2012,2712 2069,2712 2125,2714 2181,2714 2237,2714 2293,2714 2349,2712 2406,2711"/>
                <TextEquiv>
                    <Unicode>tlamācazca yiaque: njman ie</Unicode>
                </TextEquiv>
            </TextLine>
            <TextLine id="r2l26" custom="readingOrder {index:25;}">
                <Coords points="1262,2858 1663,2817 1920,2855 2100,2827 2168,2865 2229,2828 2393,2831 2392,2775 2192,2733 2080,2762 1770,2723 1678,2761 1363,2729 1261,2774"/>
                <Baseline points="1269,2850 1324,2841 1380,2834 1436,2827 1492,2822 1548,2817 1603,2814 1659,2813 1715,2811 1771,2811 1827,2811 1882,2811 1938,2811 1994,2813 2050,2814 2106,2814 2161,2816 2217,2816 2273,2816 2329,2816 2385,2816"/>
                <TextEquiv>
                    <Unicode>hoan in tlamacazque cujcanj</Unicode>
                </TextEquiv>
            </TextLine>
            <TextLine id="r2l27" custom="readingOrder {index:26;}">
                <Coords points="1282,2978 1517,2923 1827,2988 1955,2919 2023,2951 2394,2924 2392,2856 2356,2847 2038,2865 1605,2821 1436,2899 1280,2891"/>
                <Baseline points="1289,2946 1343,2939 1398,2935 1453,2930 1508,2926 1563,2923 1618,2921 1673,2919 1728,2918 1783,2918 1838,2918 1892,2916 1947,2916 2002,2916 2057,2918 2112,2917 2167,2916 2222,2916 2277,2915 2332,2914 2387,2912"/>
                <TextEquiv>
                    <Unicode>me, tlaujtequjnj: njman ie</Unicode>
                </TextEquiv>
            </TextLine>
            <TextLine id="r2l28" custom="readingOrder {index:27;}">
                <Coords points="1280,3070 1567,3073 1703,3004 1756,3045 2099,3030 2158,3060 2385,3027 2384,2950 2213,2925 2053,2985 1940,2929 1785,2998 1647,2961 1544,2985 1499,2949 1279,2979"/>
                <Baseline points="1286,3044 1340,3038 1395,3033 1449,3030 1504,3027 1559,3025 1613,3024 1668,3023 1722,3023 1777,3024 1832,3024 1886,3026 1941,3027 1995,3027 2050,3029 2105,3029 2159,3029 2214,3029 2268,3027 2323,3025 2378,3023"/>
                <TextEquiv>
                    <Unicode>much intin, in tla macazcatei</Unicode>
                </TextEquiv>
            </TextLine>
            <TextLine id="r2l29" custom="readingOrder {index:28;}">
                <Coords points="1285,3151 1546,3175 1755,3119 2050,3165 2403,3120 2402,3058 1940,3038 1823,3086 1284,3094"/>
                <Baseline points="1292,3141 1347,3137 1402,3134 1457,3130 1512,3128 1568,3126 1623,3126 1678,3125 1733,3125 1788,3125 1844,3126 1899,3126 1954,3126 2009,3126 2064,3126 2120,3126 2175,3125 2230,3125 2285,3122 2340,3119 2396,3116"/>
                <TextEquiv>
                    <Unicode>caoan, yoan in oc pipiltotonti</Unicode>
                </TextEquiv>
            </TextLine>
            <TextLine id="r2l30" custom="readingOrder {index:29;}">
                <Coords points="1292,3267 2081,3303 2142,3256 2204,3287 2410,3228 2409,3137 2251,3201 2088,3202 2036,3164 1427,3193 1372,3162 1291,3200"/>
                <Baseline points="1298,3251 1353,3247 1408,3243 1463,3242 1518,3240 1574,3240 1629,3240 1684,3240 1739,3242 1794,3242 1850,3243 1905,3245 1960,3245 2015,3245 2070,3245 2126,3245 2181,3242 2236,3240 2291,3235 2346,3230 2402,3222"/>
                <TextEquiv>
                    <Unicode>tlamacazcatoton, tlamacatoto.</Unicode>
                </TextEquiv>
            </TextLine>
            <TextLine id="r2l31" custom="readingOrder {index:30;}">
                <Coords points="1273,3380 1461,3345 1776,3395 2399,3386 2398,3274 1935,3321 1797,3271 1633,3309 1508,3263 1273,3291"/>
                <Baseline points="1280,3357 1335,3354 1391,3351 1446,3348 1502,3347 1557,3347 1613,3347 1668,3347 1724,3347 1779,3347 1835,3348 1891,3348 1946,3350 2002,3350 2057,3350 2113,3348 2168,3347 2224,3345 2279,3342 2335,3338 2391,3333"/>
                <TextEquiv>
                    <Unicode>Auh in ie iuhquj, njman ie ic</Unicode>
                </TextEquiv>
            </TextLine>
            <TextLine id="r2l32" custom="readingOrder {index:31;}">
                <Coords points="1294,3472 1983,3464 2021,3492 2388,3455 2377,3376 2049,3412 1968,3369 1900,3410 1802,3378 1744,3410 1293,3392"/>
                <Baseline points="1301,3450 1355,3450 1409,3452 1463,3452 1517,3452 1571,3453 1625,3453 1679,3453 1733,3453 1787,3453 1841,3453 1895,3452 1949,3452 2003,3450 2057,3450 2111,3449 2165,3447 2219,3446 2273,3444 2327,3441 2381,3440"/>
                <TextEquiv>
                    <Unicode>onmoteca, tlecujlixquac, in</Unicode>
                </TextEquiv>
            </TextLine>
            <TextLine id="r2l33" custom="readingOrder {index:32;}">
                <Coords points="1282,3605 1372,3568 1541,3602 1727,3581 1795,3546 2209,3599 2404,3561 2403,3477 1940,3519 1818,3474 1280,3505"/>
                <Baseline points="1289,3561 1344,3561 1399,3561 1455,3563 1510,3563 1566,3563 1621,3563 1676,3563 1732,3563 1787,3563 1843,3563 1898,3563 1953,3561 2009,3560 2064,3558 2120,3555 2175,3553 2230,3550 2286,3546 2341,3542 2397,3536"/>
                <TextEquiv>
                    <Unicode>aztapilpetlatl in aztapilpepe</Unicode>
                </TextEquiv>
            </TextLine>
            <TextLine id="r2l34" custom="readingOrder {index:33;}">
                <Coords points="1289,3689 1603,3693 1665,3738 1758,3682 2263,3710 2406,3655 2406,3601 1726,3582 1510,3657 1380,3577 1287,3605"/>
                <Baseline points="1295,3677 1350,3678 1405,3678 1460,3680 1516,3680 1571,3681 1626,3681 1681,3683 1737,3683 1792,3683 1847,3683 1902,3683 1958,3681 2013,3680 2068,3678 2123,3677 2179,3673 2234,3669 2289,3665 2344,3659 2400,3653"/>
                <TextEquiv>
                    <Unicode>chtli: auh yn onmocouh azta</Unicode>
                </TextEquiv>
            </TextLine>
            <TextLine id="r2l35" custom="readingOrder {index:34;}">
                <Coords points="1286,3832 1919,3851 2029,3781 2368,3762 2387,3665 2061,3744 1684,3748 1592,3712 1495,3747 1385,3700 1284,3738"/>
                <Baseline points="1293,3782 1347,3783 1401,3783 1456,3785 1510,3785 1565,3785 1619,3786 1674,3786 1728,3786 1783,3786 1837,3786 1891,3785 1946,3783 2000,3782 2055,3780 2109,3778 2164,3774 2218,3771 2273,3767 2327,3763 2382,3758"/>
                <TextEquiv>
                    <Unicode>pilpetlatl: njman ic muchichi</Unicode>
                </TextEquiv>
            </TextLine>
            <TextEquiv>
                <Unicode>de las cerimonjas
iehicacatlamaceuhque, compopoa
contepopoaltiaia, qujpopooaia
ynjc tlamacazque, ynic tlama
ceoa, ymixco ymicpac qujma
naia, ynic tlamacazque. Auh
yn oacico, yn ocaxitico aztapi
li: njman ie ic moço, mocoço, in
aztapili: qujchioa yn aztapil
petlatl, yoan aujilpia in toli,
tolicpalli qujchioaia, yoan qujchi
oaia tepotzoicpalli netlaxonj: ca
no ie ic muchioa in aztapili, az
tapiltepotzoicpalli. Niman ie ic
acquj qujcujcujtlalpia, in tuli
in tulpitzaoac: auh yn omocuj
cujtlalpi, njman ie ic mouipa
na, tlalpan molpitiuh, moca
catzilpitiuh menelhoatica, me
tzonmecatica. Auh in ie iuhquj
in ie vmpeoaz, netlalocacaoaliz
tli: yn oiooac njman mocacal
tema, necacaltemalon tlamaca:
que; in tlamacazcatequjoaque,
tlamācazca yiaque: njman ie
hoan in tlamacazque cujcanj
me, tlaujtequjnj: njman ie
much intin, in tla macazcatei
caoan, yoan in oc pipiltotonti
tlamacazcatoton, tlamacatoto.
Auh in ie iuhquj, njman ie ic
onmoteca, tlecujlixquac, in
aztapilpetlatl in aztapilpepe
chtli: auh yn onmocouh azta
pilpetlatl: njman ic muchichi</Unicode>
            </TextEquiv>
        </TextRegion>
    </Page>
</PcGts>
