2552 4106
1108 24 1514 199 Apendiz
225 424 1388 659 Capitulo tercero, de los
230 601 1151 782 que yuan al cielo.
222 768 1383 1000 La otra parte, adonde se
219 948 1408 1082 yuan las anjmas, de los difuntos,
223 1038 1384 1176 es, el cielo, donde viue el sol: los
216 1132 1367 1273 que se van al cielo, son los que
207 1225 1359 1347 matauan en las guerras: y los
223 1322 1402 1459 captiuos, que aujan muerto, en
202 1433 1363 1555 poder de sus enemigos: vnos mo
196 1525 1404 1653 rian, acuchillados, otros quemados
200 1631 1357 1737 biuos, otros acanavereados, otros
186 1710 1374 1855 aporreados, con palos de pino, otros
181 1827 1366 1942 peleando sconollos otros a tauanlos
181 1914 1325 2047 teas, por todo el cuerpo, y ponj
165 2016 1371 2131 anlos fuego, y ansi se quemauā.
152 2092 1302 2240 Todos estos, dizque, que estan
159 2216 1333 2354 en vn llano: y que ala hora
159 2290 1326 2454 que sale el sol, alcauan bozes, y
150 2408 1323 2557 dauan grita, golpeando las ro
165 2511 1353 2631 delas: y el que tiene rodela, ho
138 2614 1316 2744 radada de saetas, por los agu
140 2710 1297 2867 jeros de la rodela, mjra al sol:
131 2814 1339 2947 y el que no tiene rodela, horada
139 2905 1284 3046 da de saetas, no puede mjrar
137 3011 1307 3151 al sol. Jenel cielo ay arboleda,
116 3094 1302 3267 y bosque de diuersos generos de
142 3193 1276 3343 arboles. J las ofrendas, que les
137 3307 1336 3465 dauan, en este mundo los viuos,
107 3409 1309 3582 yuan asu presencia, y alla las
124 3547 1282 3674 recebian: y despues de quatro
124 3623 1294 3761 años pasados, las anjmas destos
102 3766 1270 3891 defunctos, se tornauan endiuer
1493 191 2489 356 muchipa tlatzmolini, ti
1489 312 2501 483 chipa xopantla tlaxopal
1488 440 1770 580 manj.
1518 523 2497 706 Jnic ey capitulo, yn
1500 658 2507 820 moteneoa in aqujque
1812 775 2167 901 ilhujcac.
1483 821 2494 1069 Injc excan viloa: vmjs
1476 1001 2518 1168 in ichantonatiuh ilhujcac, to
1455 1145 2501 1343 hoantin vmpavi, in iaomiz
1450 1280 2510 1438 ianoço vei vncan njmantla
1438 1379 2504 1569 qujiaoc, imapaniocan, ita
1455 1565 2488 1704 vncan qujnnamoia, vnca tla
1437 1669 2500 1833 iotl quica vncan in tequja
1447 1784 2480 1972 vetzi, yn anoço cancataqua
1433 1924 2497 2104 icatepan miquizque. Ynan
1426 2070 2489 2202 oaoano, acotlepantlaxo, a
1416 2163 2496 2379 tlaxichvilo, açoteoconpilo ca
1416 2307 2482 2500 ço cacalioa, anoço ocopota
1414 2440 2481 2612 mjlo, muchintinvi in tola
1387 2550 2505 2744 tiuh ichan, quilcacemlic
1402 2686 2477 2880 que, in caminiuhcan ixti
1390 2815 2521 3005 can, in quac in oalmonlā
1382 2929 2502 3138 in oalquicaia tonatiuhi, tula
1371 3048 2489 3263 quicaoatza coiovia: much
1378 3216 2477 3444 malhuitequj, auh inaqujni
1373 3372 2486 3527 ichimai, in aço vncco atla
1375 3476 2494 3688 co iexcan tlamintli vncayil
1359 3649 2474 3809 quitta in tonatiuh, auh inla
1357 3725 2496 3934 qujn oçan tlamintli ichinla
