<?xml version="1.0" encoding="UTF-8" standalone="yes"?>
<PcGts xmlns="http://schema.primaresearch.org/PAGE/gts/pagecontent/2013-07-15" xmlns:xsi="http://www.w3.org/2001/XMLSchema-instance" xsi:schemaLocation="http://schema.primaresearch.org/PAGE/gts/pagecontent/2013-07-15 http://schema.primaresearch.org/PAGE/gts/pagecontent/2013-07-15/pagecontent.xsd">
    <Metadata>
        <Creator>prov=University of Rostock/Institute of Mathematics/CITlab|PLANET AI GmbH/Gundram Leifert/gundram.leifert@planet-ai.de:name=Florentine Codex(htr_id=24784)::::v=2.6.6
prov=University of Rostock/Institute of Mathematics/CITlab|PLANET AI GmbH/Tobias Gruening/tobias.gruening@planet-ai.de:name=de.uros.citlab.module.baseline2polygon.B2PSeamMultiOriented:v=2.6.6
prov=University of Rostock/Institute of Mathematics/CITlab|PLANET AI GmbH/Tobias Gruening/tobias.gruening@planet-ai.de:name=/net_tf/LA73_249_0mod360.pb:de.uros.citlab.segmentation.CITlab_LA_ML:v=2.6.6
Transkribus</Creator>
        <Created>2020-06-23T15:23:52.634-07:00</Created>
        <LastChange>2020-06-24T08:05:43.875+02:00</LastChange>
    </Metadata>
    <Page imageFilename="FC_Vol_1_478.png" imageWidth="2468" imageHeight="4028">
        <ReadingOrder>
            <OrderedGroup id="ro_1596736962406" caption="Regions reading order">
                <RegionRefIndexed index="0" regionRef="r1"/>
            </OrderedGroup>
        </ReadingOrder>
        <TextRegion orientation="0.0" id="r1" custom="readingOrder {index:0;}">
            <Coords points="93,104 93,3841 2462,3841 2462,104"/>
            <TextLine id="r1l1" custom="readingOrder {index:0;}">
                <Coords points="1245,180 1312,188 1331,206 1397,186 1487,200 1512,176 1602,197 1646,189 1660,184 1658,56 1523,52 1428,92 1343,29 1243,61"/>
                <Baseline points="1251,167 1276,164 1301,162 1326,161 1351,159 1376,158 1401,158 1426,158 1451,157 1476,156 1501,158 1526,158 1551,158 1576,158 1601,158 1626,158 1652,158"/>
                <TextEquiv>
                    <Unicode>Apendiz.</Unicode>
                </TextEquiv>
            </TextLine>
            <TextLine id="r1l2" custom="readingOrder {index:1;}">
                <Coords points="229,327 729,289 815,337 907,290 1308,322 1309,209 1163,234 886,191 552,235 446,191 229,206"/>
                <Baseline points="236,282 289,281 342,281 395,281 449,281 502,281 555,281 608,282 662,282 715,282 768,283 821,284 875,284 928,285 981,285 1034,285 1088,287 1141,287 1194,287 1247,287 1301,288"/>
                <TextEquiv>
                    <Unicode>gianle, para regir atodos los</Unicode>
                </TextEquiv>
            </TextLine>
            <TextLine id="r1l3" custom="readingOrder {index:2;}">
                <Coords points="1441,319 1754,303 1925,342 2085,317 2250,356 2410,297 2411,164 2310,232 2103,196 1995,255 1803,198 1442,218"/>
                <Baseline points="1449,302 1496,298 1544,296 1592,295 1639,296 1687,296 1735,298 1782,300 1830,303 1878,305 1926,308 1973,309 2021,311 2069,312 2116,311 2164,310 2212,307 2259,303 2307,296 2355,288 2403,278"/>
                <TextEquiv>
                    <Unicode>mnman tocaiotilo felpuesa</Unicode>
                </TextEquiv>
            </TextLine>
            <TextLine id="r1l4" custom="readingOrder {index:3;}">
                <Coords points="223,417 566,360 679,425 864,399 1305,433 1356,425 1356,347 1053,296 954,339 504,314 223,358"/>
                <Baseline points="231,386 286,384 342,384 398,384 454,384 510,384 566,384 622,386 678,386 734,387 790,387 845,389 901,389 957,390 1013,390 1069,390 1125,392 1181,392 1237,392 1293,392 1349,392"/>
                <TextEquiv>
                    <Unicode>mancebos, y para castigarlos:</Unicode>
                </TextEquiv>
            </TextLine>
            <TextLine id="r1l5" custom="readingOrder {index:4;}">
                <Coords points="1445,429 1513,410 1609,466 1663,421 1766,411 1881,469 1993,417 2229,404 2339,450 2417,410 2416,319 2235,390 2083,316 2010,365 1757,343 1587,394 1503,327 1445,338"/>
                <Baseline points="1452,417 1499,414 1547,413 1595,413 1643,413 1691,413 1739,413 1786,414 1834,416 1882,417 1930,417 1978,419 2026,419 2074,419 2121,418 2169,417 2217,414 2265,411 2313,407 2361,402 2409,396"/>
                <TextEquiv>
                    <Unicode>to, quincenpachoa, qujla</Unicode>
                </TextEquiv>
            </TextLine>
            <TextLine id="r1l6" custom="readingOrder {index:5;}">
                <Coords points="196,526 377,485 1090,486 1172,535 1356,498 1357,432 1216,418 784,416 736,448 198,417"/>
                <Baseline points="204,482 261,482 318,482 375,483 433,483 490,483 547,485 604,485 662,486 719,486 776,488 833,488 891,489 948,489 1005,491 1062,492 1120,492 1177,494 1234,495 1291,497 1349,498"/>
                <TextEquiv>
                    <Unicode>y entonces, se llamaua telpuch</Unicode>
                </TextEquiv>
            </TextLine>
            <TextLine id="r1l7" custom="readingOrder {index:6;}">
                <Coords points="1433,550 1600,530 1714,560 1828,518 2134,589 2217,537 2410,506 2410,408 2242,481 2034,454 1851,494 1697,410 1610,466 1510,411 1433,450"/>
                <Baseline points="1440,524 1488,521 1536,521 1584,519 1632,519 1680,521 1728,522 1777,523 1825,524 1873,527 1921,528 1969,530 2017,530 2065,531 2114,531 2162,530 2210,528 2258,524 2306,521 2354,514 2403,507"/>
                <TextEquiv>
                    <Unicode>tlatalhuja imixqujentin, </Unicode>
                </TextEquiv>
            </TextLine>
            <TextLine id="r1l8" custom="readingOrder {index:7;}">
                <Coords points="197,598 1372,613 1372,544 1217,520 197,526"/>
                <Baseline points="204,590 262,590 320,588 378,588 436,587 494,586 552,585 610,584 668,584 726,584 784,582 842,582 900,582 958,583 1016,584 1074,584 1132,585 1190,587 1248,590 1306,592 1365,594"/>
                <TextEquiv>
                    <Unicode>tlato. Jsi ya era hombre valiente,</Unicode>
                </TextEquiv>
            </TextLine>
            <TextLine id="r1l9" custom="readingOrder {index:8;}">
                <Coords points="1432,673 2348,666 2414,639 2415,573 2350,602 2207,566 2162,599 2108,569 2051,602 1886,602 1699,548 1626,588 1433,579"/>
                <Baseline points="1439,644 1487,644 1535,644 1584,645 1632,647 1680,648 1729,651 1777,653 1825,655 1874,657 1922,658 1970,660 2019,661 2067,662 2115,662 2164,660 2212,659 2260,654 2309,650 2357,645 2406,638"/>
                <TextEquiv>
                    <Unicode>pupuchtin, in cetlatlacoa, y</Unicode>
                </TextEquiv>
            </TextLine>
            <TextLine id="r1l10" custom="readingOrder {index:9;}">
                <Coords points="192,743 264,704 560,750 701,705 907,740 985,707 1330,725 1339,633 1289,663 976,622 836,658 505,614 193,642"/>
                <Baseline points="200,699 256,701 313,701 369,701 426,699 482,699 539,699 595,699 652,698 708,698 765,698 822,698 878,698 935,699 991,699 1048,700 1104,702 1161,704 1217,705 1274,708 1331,711"/>
                <TextEquiv>
                    <Unicode>y si en la guerra auja catiuado</Unicode>
                </TextEquiv>
            </TextLine>
            <TextLine id="r1l11" custom="readingOrder {index:10;}">
                <Coords points="1418,761 1556,757 1661,804 1785,768 2029,774 2123,847 2222,788 2428,757 2429,670 2344,698 2282,665 2139,712 2098,678 2033,715 1878,665 1679,686 1639,648 1539,697 1472,663 1419,688"/>
                <Baseline points="1425,753 1474,752 1524,750 1574,750 1624,752 1673,753 1723,756 1773,759 1823,761 1872,764 1922,767 1972,770 2022,771 2071,772 2121,773 2171,771 2221,770 2270,766 2320,761 2370,754 2420,744"/>
                <TextEquiv>
                    <Unicode>noatl quitlatzontequilia, yn</Unicode>
                </TextEquiv>
            </TextLine>
            <TextLine id="r1l12" custom="readingOrder {index:11;}">
                <Coords points="210,852 474,808 700,847 756,815 963,851 1087,816 1349,849 1350,743 211,759"/>
                <Baseline points="218,812 274,809 330,807 386,806 443,804 499,804 555,804 611,804 668,804 724,806 780,807 836,807 893,809 949,810 1005,812 1061,813 1118,815 1174,815 1230,816 1286,816 1343,816"/>
                <TextEquiv>
                    <Unicode>quatro enemigos: elegianle, y nō</Unicode>
                </TextEquiv>
            </TextLine>
            <TextLine id="r1l13" custom="readingOrder {index:12;}">
                <Coords points="1418,882 1694,876 1761,931 1908,884 2037,957 2201,897 2356,924 2413,912 2416,751 2290,773 2173,849 2051,852 1939,772 1797,807 1731,776 1537,797 1499,763 1420,791"/>
                <Baseline points="1425,872 1474,868 1523,866 1572,866 1621,866 1670,868 1719,870 1768,873 1817,877 1866,881 1915,884 1964,887 2013,890 2062,891 2111,893 2160,891 2209,889 2258,886 2307,879 2356,871 2406,861"/>
                <TextEquiv>
                    <Unicode>tlatzontequilia, qujntlatla</Unicode>
                </TextEquiv>
            </TextLine>
            <TextLine id="r1l14" custom="readingOrder {index:13;}">
                <Coords points="191,928 896,958 1046,913 1300,968 1316,846 1182,875 1130,841 1018,876 540,830 480,863 191,859"/>
                <Baseline points="198,920 253,916 308,914 364,912 419,911 475,909 530,909 586,911 641,911 697,912 752,913 807,914 863,915 918,917 974,918 1029,920 1085,920 1140,921 1196,921 1251,921 1307,920"/>
                <TextEquiv>
                    <Unicode>brauanle tlacatecatl, o tlacoch</Unicode>
                </TextEquiv>
            </TextLine>
            <TextLine id="r1l15" custom="readingOrder {index:14;}">
                <Coords points="1418,1000 1550,993 1677,1061 1896,1008 1994,1063 2070,1022 2299,1027 2428,1004 2430,869 2330,951 2186,922 2132,949 2089,913 2037,958 1894,906 1666,958 1530,883 1420,887"/>
                <Baseline points="1425,992 1474,991 1524,990 1574,991 1624,993 1673,995 1723,997 1773,1000 1823,1002 1872,1006 1922,1008 1972,1011 2022,1013 2071,1013 2121,1013 2171,1013 2221,1010 2270,1007 2320,1002 2370,994 2420,986"/>
                <TextEquiv>
                    <Unicode>lilia, quichioa Justicia: aa</Unicode>
                </TextEquiv>
            </TextLine>
            <TextLine id="r1l16" custom="readingOrder {index:15;}">
                <Coords points="193,1029 527,1071 635,1025 1219,1085 1328,1040 1327,965 1134,986 1057,936 975,970 777,937 682,969 498,939 194,966"/>
                <Baseline points="200,1023 256,1020 312,1019 368,1017 424,1017 480,1016 536,1017 592,1017 648,1019 704,1019 760,1020 816,1022 872,1023 928,1025 984,1026 1040,1028 1096,1029 1152,1029 1208,1029 1264,1029 1320,1029"/>
                <TextEquiv>
                    <Unicode>calcac, o quauhtlato: los quales</Unicode>
                </TextEquiv>
            </TextLine>
            <TextLine id="r1l17" custom="readingOrder {index:16;}">
                <Coords points="1415,1132 1539,1123 1647,1186 1765,1132 2282,1152 2419,1112 2396,1032 2177,1073 2128,1028 2015,1073 1889,1024 1802,1070 1416,1064"/>
                <Baseline points="1422,1118 1471,1118 1521,1118 1570,1119 1620,1121 1669,1122 1719,1125 1768,1127 1818,1128 1867,1131 1917,1132 1966,1134 2016,1134 2065,1134 2115,1134 2164,1132 2214,1130 2263,1126 2313,1121 2362,1114 2412,1106"/>
                <TextEquiv>
                    <Unicode>in tlaoquichti intla navimas</Unicode>
                </TextEquiv>
            </TextLine>
            <TextLine id="r1l18" custom="readingOrder {index:17;}">
                <Coords points="193,1173 660,1173 789,1121 1138,1171 1311,1148 1356,1083 194,1068"/>
                <Baseline points="200,1137 257,1132 314,1128 372,1125 429,1124 486,1122 544,1121 601,1121 658,1121 716,1121 773,1122 830,1124 888,1125 945,1128 1002,1130 1060,1131 1117,1134 1174,1136 1232,1137 1289,1139 1347,1140"/>
                <TextEquiv>
                    <Unicode>regian, y gouernauan el pueblo.</Unicode>
                </TextEquiv>
            </TextLine>
            <TextLine id="r1l19" custom="readingOrder {index:18;}">
                <Coords points="189,1266 253,1234 359,1280 567,1209 612,1247 1004,1235 1152,1290 1321,1250 1321,1193 1021,1148 778,1186 335,1155 190,1206"/>
                <Baseline points="197,1239 252,1236 308,1233 364,1230 420,1228 476,1227 531,1226 587,1226 643,1226 699,1226 755,1226 810,1227 866,1229 922,1230 978,1232 1034,1235 1089,1236 1145,1239 1201,1242 1257,1244 1313,1247"/>
                <TextEquiv>
                    <Unicode>o elegianle por achcauhtli: que</Unicode>
                </TextEquiv>
            </TextLine>
            <TextLine id="r1l20" custom="readingOrder {index:19;}">
                <Coords points="1415,1253 1607,1248 1680,1299 1771,1247 2072,1279 2348,1260 2422,1221 2421,1120 2208,1174 2145,1142 2037,1189 1875,1155 1727,1159 1678,1200 1527,1157 1415,1171"/>
                <Baseline points="1422,1248 1471,1245 1521,1244 1570,1242 1620,1242 1670,1242 1719,1243 1769,1244 1819,1245 1868,1247 1918,1248 1968,1248 2017,1249 2067,1250 2117,1248 2166,1248 2216,1245 2266,1243 2315,1238 2365,1232 2415,1226"/>
                <TextEquiv>
                    <Unicode>vnean quica in tlacatocai</Unicode>
                </TextEquiv>
            </TextLine>
            <TextLine id="r1l21" custom="readingOrder {index:20;}">
                <Coords points="180,1351 485,1335 568,1384 730,1329 835,1397 940,1340 1279,1389 1341,1381 1341,1288 1176,1306 1099,1254 902,1235 765,1315 546,1266 180,1335"/>
                <Baseline points="188,1352 245,1348 302,1343 359,1341 417,1338 474,1337 531,1335 589,1334 646,1334 703,1335 761,1335 818,1337 875,1338 932,1340 990,1342 1047,1344 1104,1347 1162,1349 1219,1352 1276,1355 1334,1358"/>
                <TextEquiv>
                    <Unicode>era como agora alguazil, y tenja</Unicode>
                </TextEquiv>
            </TextLine>
            <TextLine id="r1l22" custom="readingOrder {index:21;}">
                <Coords points="1408,1409 1661,1370 1740,1409 1942,1399 2073,1438 2154,1392 2361,1422 2412,1401 2416,1231 2282,1330 2090,1322 2013,1251 1881,1248 1789,1317 1728,1274 1634,1310 1548,1260 1411,1297"/>
                <Baseline points="1416,1374 1465,1370 1515,1368 1564,1367 1614,1367 1663,1369 1713,1370 1762,1373 1812,1376 1861,1379 1911,1382 1960,1385 2010,1386 2059,1388 2109,1389 2158,1389 2208,1389 2257,1386 2307,1382 2356,1377 2406,1370"/>
                <TextEquiv>
                    <Unicode>in tlacochoalcatl, in quaulza</Unicode>
                </TextEquiv>
            </TextLine>
            <TextLine id="r1l23" custom="readingOrder {index:22;}">
                <Coords points="172,1476 316,1458 393,1492 534,1455 609,1494 901,1446 1169,1482 1336,1466 1336,1388 172,1394"/>
                <Baseline points="179,1460 236,1456 294,1452 351,1448 409,1446 466,1443 524,1442 581,1442 639,1442 696,1442 754,1442 811,1442 869,1443 926,1445 984,1445 1041,1447 1099,1448 1156,1449 1214,1451 1271,1452 1329,1452"/>
                <TextEquiv>
                    <Unicode>vara gorda, y prendia alos delin</Unicode>
                </TextEquiv>
            </TextLine>
            <TextLine id="r1l24" custom="readingOrder {index:23;}">
                <Coords points="1399,1508 2320,1542 2419,1505 2420,1393 2339,1449 2082,1472 1719,1429 1677,1394 1526,1448 1400,1388"/>
                <Baseline points="1407,1503 1457,1499 1507,1497 1557,1497 1608,1497 1658,1499 1708,1502 1758,1505 1809,1506 1859,1510 1909,1513 1959,1515 2010,1517 2060,1518 2110,1518 2160,1517 2211,1514 2261,1509 2311,1502 2361,1493 2412,1482"/>
                <TextEquiv>
                    <Unicode>to: auh no vncan: quica, i</Unicode>
                </TextEquiv>
            </TextLine>
            <TextLine id="r1l25" custom="readingOrder {index:24;}">
                <Coords points="169,1596 404,1570 740,1610 984,1547 1164,1607 1324,1586 1323,1482 1268,1462 1207,1502 639,1478 169,1530"/>
                <Baseline points="176,1554 233,1554 290,1554 347,1554 404,1553 461,1553 518,1551 575,1551 632,1550 689,1548 746,1548 803,1547 860,1547 917,1547 974,1547 1031,1547 1088,1547 1145,1548 1202,1550 1259,1552 1316,1556"/>
                <TextEquiv>
                    <Unicode>quentes, y los ponja en la carçel.</Unicode>
                </TextEquiv>
            </TextLine>
            <TextLine id="r1l26" custom="readingOrder {index:25;}">
                <Coords points="2138,1604 2145,1604 2158,1590 2167,1589 2167,1524 2156,1524 2150,1525 2147,1528 2138,1528"/>
                <Baseline points="2145,1574 2160,1574"/>
                <TextEquiv>
                    <Unicode>t</Unicode>
                </TextEquiv>
            </TextLine>
            <TextLine id="r1l27" custom="readingOrder {index:26;}">
                <Coords points="1392,1687 1562,1623 1628,1650 1730,1620 1811,1660 2135,1644 2229,1707 2413,1619 2414,1557 2175,1587 2108,1529 2048,1572 1923,1531 1879,1571 1630,1554 1584,1510 1499,1560 1394,1552"/>
                <Baseline points="1401,1623 1451,1622 1501,1622 1551,1622 1602,1623 1652,1625 1702,1626 1752,1627 1803,1629 1853,1631 1903,1632 1953,1634 2004,1635 2054,1635 2104,1637 2154,1637 2205,1636 2255,1635 2305,1632 2355,1630 2406,1626"/>
                <TextEquiv>
                    <Unicode>quilhuja acheauhtli: ynaa</Unicode>
                </TextEquiv>
            </TextLine>
            <TextLine id="r1l28" custom="readingOrder {index:27;}">
                <Coords points="178,1696 627,1650 707,1712 805,1654 1233,1659 1269,1589 1196,1612 1088,1569 960,1620 176,1594"/>
                <Baseline points="185,1667 238,1663 292,1659 346,1656 400,1655 454,1652 508,1650 561,1649 615,1648 669,1647 723,1647 777,1647 831,1647 885,1647 938,1647 992,1647 1046,1649 1100,1649 1154,1649 1208,1650 1262,1650"/>
                <TextEquiv>
                    <Unicode>Desta manera, yuan subiendo</Unicode>
                </TextEquiv>
            </TextLine>
            <TextLine id="r1l29" custom="readingOrder {index:28;}">
                <Coords points="190,1779 290,1812 363,1764 531,1758 619,1802 826,1749 1264,1762 1279,1670 1078,1712 912,1675 844,1717 793,1675 706,1712 466,1683 189,1724"/>
                <Baseline points="197,1767 250,1766 304,1763 358,1761 412,1760 466,1757 520,1755 573,1754 627,1752 681,1751 735,1749 789,1748 843,1748 897,1746 950,1746 1004,1746 1058,1746 1112,1746 1166,1746 1220,1748 1274,1748"/>
                <TextEquiv>
                    <Unicode>de grado en grado los mancebos</Unicode>
                </TextEquiv>
            </TextLine>
            <TextLine id="r1l30" custom="readingOrder {index:29;}">
                <Coords points="1388,1753 1541,1743 1647,1809 1848,1770 1896,1815 2039,1835 2110,1788 2213,1800 2421,1739 2424,1623 2268,1710 2090,1727 1888,1688 1389,1688"/>
                <Baseline points="1395,1755 1448,1750 1502,1749 1555,1748 1609,1749 1663,1751 1716,1755 1770,1757 1824,1761 1877,1766 1931,1769 1984,1773 2038,1775 2092,1776 2145,1776 2199,1773 2253,1769 2306,1762 2360,1753 2414,1740"/>
                <TextEquiv>
                    <Unicode>çan ipanpovi, ipan motiaa</Unicode>
                </TextEquiv>
            </TextLine>
            <TextLine id="r1l31" custom="readingOrder {index:30;}">
                <Coords points="165,1921 324,1864 1248,1847 1244,1776 1132,1772 634,1808 354,1774 281,1830 161,1833"/>
                <Baseline points="170,1883 223,1877 276,1871 330,1866 383,1862 437,1857 490,1854 544,1850 597,1848 651,1845 704,1844 757,1841 811,1839 864,1838 918,1836 971,1836 1025,1835 1078,1833 1132,1832 1185,1832 1239,1830"/>
                <TextEquiv>
                    <Unicode>que alli se criauan, y eran</Unicode>
                </TextEquiv>
            </TextLine>
            <TextLine id="r1l32" custom="readingOrder {index:31;}">
                <Coords points="1378,1921 1473,1890 1558,1954 1647,1908 1702,1941 1801,1913 1904,1958 2041,1923 2129,1958 2393,1906 2420,1796 2194,1876 2100,1795 2039,1835 1908,1835 1835,1771 1693,1838 1573,1791 1526,1830 1380,1817"/>
                <Baseline points="1386,1901 1437,1895 1488,1892 1539,1890 1591,1890 1642,1892 1693,1893 1745,1895 1796,1898 1847,1901 1899,1904 1950,1908 2001,1910 2052,1911 2104,1911 2155,1911 2206,1910 2258,1906 2309,1899 2360,1893 2412,1881"/>
                <TextEquiv>
                    <Unicode>in alquaçil, intopile, canotla</Unicode>
                </TextEquiv>
            </TextLine>
            <TextLine id="r1l33" custom="readingOrder {index:32;}">
                <Coords points="167,1984 787,1997 893,1955 995,1995 1168,1941 1318,1961 1316,1867 989,1909 588,1868 165,1921"/>
                <Baseline points="174,1974 230,1968 287,1963 344,1958 401,1954 458,1950 514,1949 571,1947 628,1944 685,1944 742,1943 798,1943 855,1941 912,1941 969,1941 1026,1941 1082,1941 1139,1941 1196,1941 1253,1941 1310,1940"/>
                <TextEquiv>
                    <Unicode>muy muchos, los que se criauā,</Unicode>
                </TextEquiv>
            </TextLine>
            <TextLine id="r1l34" custom="readingOrder {index:33;}">
                <Coords points="1364,2057 1448,2038 1501,2075 1793,2029 1850,2064 2168,2079 2428,2023 2415,1937 2093,1982 1835,1937 1689,1962 1640,1914 1560,1955 1366,1939"/>
                <Baseline points="1371,2030 1423,2025 1476,2022 1528,2021 1581,2022 1633,2024 1686,2026 1738,2030 1791,2035 1843,2039 1896,2042 1948,2046 2001,2049 2053,2051 2106,2052 2158,2051 2211,2048 2263,2044 2316,2037 2368,2028 2421,2016"/>
                <TextEquiv>
                    <Unicode>totopilcatca: yoan in eaa les</Unicode>
                </TextEquiv>
            </TextLine>
            <TextLine id="r1l35" custom="readingOrder {index:34;}">
                <Coords points="154,2133 340,2147 552,2057 841,2090 984,2048 1119,2054 1217,2124 1296,2083 1293,1993 855,1970 752,2026 689,1987 611,2026 370,2037 302,2001 151,2046"/>
                <Baseline points="159,2087 215,2082 271,2078 328,2074 384,2070 441,2068 497,2065 553,2062 610,2060 666,2057 723,2055 779,2054 835,2052 892,2051 948,2049 1005,2049 1061,2049 1117,2048 1174,2048 1230,2048 1287,2049"/>
                <TextEquiv>
                    <Unicode>en las casas de tel puchcali: por</Unicode>
                </TextEquiv>
            </TextLine>
            <TextLine id="r1l36" custom="readingOrder {index:35;}">
                <Coords points="1372,2173 1697,2154 1948,2229 2103,2229 2253,2175 2410,2180 2412,2041 2254,2129 2184,2072 2063,2063 1767,2111 1630,2053 1542,2095 1414,2043 1374,2068"/>
                <Baseline points="1380,2160 1431,2157 1482,2156 1533,2156 1584,2157 1635,2159 1686,2162 1738,2163 1789,2166 1840,2169 1891,2172 1942,2175 1993,2177 2044,2179 2096,2180 2147,2179 2198,2177 2249,2175 2300,2171 2351,2165 2403,2156"/>
                <TextEquiv>
                    <Unicode>hoantin monteilpiaia, ina</Unicode>
                </TextEquiv>
            </TextLine>
            <TextLine id="r1l37" custom="readingOrder {index:36;}">
                <Coords points="150,2248 257,2194 464,2179 534,2224 594,2177 835,2175 889,2136 1110,2194 1295,2176 1293,2117 1018,2088 147,2159"/>
                <Baseline points="155,2198 211,2193 268,2189 324,2184 381,2181 438,2177 494,2174 551,2170 607,2168 664,2165 721,2163 777,2162 834,2160 890,2159 947,2159 1004,2157 1060,2157 1117,2157 1173,2157 1230,2159 1287,2159"/>
                <TextEquiv>
                    <Unicode>que cacla perrocha, tenjaqujn</Unicode>
                </TextEquiv>
            </TextLine>
            <TextLine id="r1l38" custom="readingOrder {index:37;}">
                <Coords points="152,2318 471,2315 608,2273 837,2270 928,2308 1016,2268 1208,2281 1284,2257 1280,2169 1059,2202 680,2169 525,2229 410,2192 279,2271 148,2247"/>
                <Baseline points="158,2306 216,2300 275,2295 334,2291 393,2286 452,2283 511,2279 570,2275 629,2272 688,2269 746,2267 805,2264 864,2262 923,2261 982,2258 1041,2256 1100,2255 1159,2253 1218,2252 1277,2252"/>
                <TextEquiv>
                    <Unicode>ze, o diez casas, de tel puehcali.</Unicode>
                </TextEquiv>
            </TextLine>
            <TextLine id="r1l39" custom="readingOrder {index:38;}">
                <Coords points="1371,2352 1458,2309 1905,2310 2066,2352 2378,2309 2379,2218 2327,2238 2260,2180 2182,2225 2002,2219 1921,2263 1837,2186 1758,2249 1662,2197 1567,2242 1374,2244"/>
                <Baseline points="1380,2303 1429,2300 1479,2298 1528,2298 1578,2298 1627,2299 1677,2301 1726,2303 1776,2306 1825,2309 1875,2310 1924,2313 1974,2315 2023,2316 2073,2318 2122,2318 2172,2318 2221,2316 2271,2313 2320,2309 2370,2304"/>
                <TextEquiv>
                    <Unicode>quauh calco ontetlaliauo</Unicode>
                </TextEquiv>
            </TextLine>
            <TextLine id="r1l40" custom="readingOrder {index:39;}">
                <Coords points="140,2458 392,2404 475,2444 655,2401 704,2434 892,2384 1139,2386 1239,2428 1299,2345 1164,2290 631,2354 136,2339"/>
                <Baseline points="146,2421 203,2416 260,2412 317,2408 375,2405 432,2402 489,2399 547,2397 604,2396 661,2394 719,2393 776,2391 833,2390 890,2390 948,2388 1005,2388 1062,2387 1120,2386 1177,2385 1234,2385 1292,2384"/>
                <TextEquiv>
                    <Unicode>Jla vida que tenjan, no era muj</Unicode>
                </TextEquiv>
            </TextLine>
            <TextLine id="r1l41" custom="readingOrder {index:40;}">
                <Coords points="1378,2482 1507,2509 1626,2442 1765,2491 1903,2458 2019,2508 2105,2469 2319,2474 2386,2453 2389,2329 2084,2385 1770,2366 1727,2329 1601,2383 1381,2370"/>
                <Baseline points="1386,2448 1435,2442 1485,2439 1534,2437 1584,2436 1634,2438 1683,2440 1733,2442 1783,2445 1832,2449 1882,2453 1932,2456 1981,2459 2031,2462 2081,2463 2130,2463 2180,2462 2230,2458 2279,2453 2329,2446 2379,2436"/>
                <TextEquiv>
                    <Unicode>yxquich y, in jnpauetzilizi</Unicode>
                </TextEquiv>
            </TextLine>
            <TextLine id="r1l42" custom="readingOrder {index:41;}">
                <Coords points="142,2537 370,2505 431,2547 660,2547 802,2489 1283,2540 1280,2424 141,2473"/>
                <Baseline points="149,2520 205,2515 261,2512 317,2508 374,2504 430,2502 486,2501 542,2498 599,2498 655,2496 711,2496 767,2495 824,2495 880,2495 936,2495 992,2495 1049,2495 1105,2495 1161,2493 1217,2493 1274,2492"/>
                <TextEquiv>
                    <Unicode>aspera: y dormjan todos juntos,</Unicode>
                </TextEquiv>
            </TextLine>
            <TextLine id="r1l43" custom="readingOrder {index:42;}">
                <Coords points="1343,2654 1755,2610 1852,2653 1976,2615 2311,2675 2363,2634 2366,2463 2097,2475 1931,2529 1821,2462 1690,2524 1345,2511"/>
                <Baseline points="1352,2585 1402,2585 1452,2585 1502,2585 1553,2586 1603,2588 1653,2589 1703,2591 1754,2592 1804,2594 1854,2595 1904,2597 1955,2598 2005,2598 2055,2600 2105,2600 2156,2598 2206,2598 2256,2596 2306,2594 2357,2591"/>
                <TextEquiv>
                    <Unicode>in pauechiliz, intel pupiu.</Unicode>
                </TextEquiv>
            </TextLine>
            <TextLine id="r1l44" custom="readingOrder {index:43;}">
                <Coords points="133,2632 479,2597 547,2645 587,2609 844,2594 946,2626 1004,2596 1104,2652 1279,2627 1277,2543 992,2515 897,2559 302,2541 197,2583 131,2551"/>
                <Baseline points="140,2622 196,2617 253,2614 309,2609 366,2607 422,2604 479,2602 535,2600 592,2600 648,2598 705,2598 762,2597 818,2597 875,2595 931,2595 988,2595 1044,2594 1101,2592 1157,2592 1214,2589 1271,2588"/>
                <TextEquiv>
                    <Unicode>cada vno apartado del otro, en</Unicode>
                </TextEquiv>
            </TextLine>
            <TextLine id="r1l45" custom="readingOrder {index:44;}">
                <Coords points="131,2738 651,2708 709,2746 859,2690 1104,2718 1234,2702 1259,2633 1167,2661 1022,2619 602,2631 536,2679 331,2679 290,2644 129,2699"/>
                <Baseline points="138,2730 193,2724 249,2720 305,2715 361,2712 417,2708 472,2705 528,2702 584,2699 640,2697 696,2696 751,2694 807,2693 863,2693 919,2691 975,2691 1030,2691 1086,2690 1142,2691 1198,2691 1254,2691"/>
                <TextEquiv>
                    <Unicode>cada casa de tel puchcali: y cas</Unicode>
                </TextEquiv>
            </TextLine>
            <TextLine id="r1l46" custom="readingOrder {index:45;}">
                <Coords points="1359,2748 1531,2725 1608,2767 1783,2734 1947,2769 2125,2739 2263,2771 2378,2727 2380,2618 2294,2680 1987,2620 1895,2671 1596,2667 1521,2617 1360,2665"/>
                <Baseline points="1367,2718 1417,2717 1467,2717 1517,2718 1567,2719 1617,2721 1667,2723 1718,2724 1768,2727 1818,2729 1868,2731 1918,2733 1968,2735 2018,2736 2069,2736 2119,2736 2169,2736 2219,2733 2269,2732 2319,2728 2370,2723"/>
                <TextEquiv>
                    <Unicode>auh in jnnemiliztli amod</Unicode>
                </TextEquiv>
            </TextLine>
            <TextLine id="r1l47" custom="readingOrder {index:46;}">
                <Coords points="132,2859 674,2801 829,2848 944,2807 1159,2832 1237,2791 1235,2701 1093,2745 993,2700 711,2746 658,2714 128,2738"/>
                <Baseline points="138,2828 192,2823 247,2820 301,2817 356,2814 411,2811 465,2810 520,2807 574,2805 629,2804 684,2802 738,2801 793,2800 847,2799 902,2798 957,2797 1011,2796 1066,2795 1120,2794 1175,2793 1230,2792"/>
                <TextEquiv>
                    <Unicode>tigauan, al que no yua ador</Unicode>
                </TextEquiv>
            </TextLine>
            <TextLine id="r1l48" custom="readingOrder {index:47;}">
                <Coords points="1343,2900 1453,2858 1539,2919 1642,2860 1964,2874 2008,2906 2184,2868 2261,2902 2410,2839 2410,2749 2265,2806 2063,2777 1967,2810 1784,2749 1343,2797"/>
                <Baseline points="1350,2858 1402,2855 1455,2853 1507,2853 1560,2853 1613,2853 1665,2855 1718,2856 1771,2858 1823,2859 1876,2861 1929,2863 1981,2864 2034,2864 2087,2864 2139,2862 2192,2861 2245,2857 2297,2852 2350,2845 2403,2837"/>
                <TextEquiv>
                    <Unicode>quexquichtin imipan nenta</Unicode>
                </TextEquiv>
            </TextLine>
            <TextLine id="r1l49" custom="readingOrder {index:48;}">
                <Coords points="121,2949 569,2945 704,2904 911,2947 1008,2917 1232,2939 1261,2858 1001,2817 891,2872 565,2832 483,2865 119,2857"/>
                <Baseline points="128,2921 184,2919 240,2916 296,2914 353,2912 409,2911 465,2909 522,2907 578,2906 634,2906 691,2904 747,2903 803,2903 859,2903 916,2903 972,2903 1028,2903 1085,2903 1141,2903 1197,2904 1254,2904"/>
                <TextEquiv>
                    <Unicode>mjr, enestas casas: y comjan</Unicode>
                </TextEquiv>
            </TextLine>
            <TextLine id="r1l50" custom="readingOrder {index:49;}">
                <Coords points="1328,3013 1437,3032 1476,2994 1648,2990 1790,3053 1896,2998 2218,3019 2393,2971 2393,2896 2294,2881 2160,2962 1834,2873 1610,2938 1388,2907 1328,2936"/>
                <Baseline points="1335,2988 1387,2985 1440,2982 1492,2981 1545,2981 1597,2981 1650,2982 1702,2984 1755,2985 1807,2987 1860,2988 1912,2990 1965,2991 2017,2993 2070,2993 2122,2991 2175,2990 2227,2987 2280,2982 2332,2978 2385,2970"/>
                <TextEquiv>
                    <Unicode>impan mooapaoaia, amocd</Unicode>
                </TextEquiv>
            </TextLine>
            <TextLine id="r1l51" custom="readingOrder {index:50;}">
                <Coords points="103,3055 574,3083 757,3029 975,3075 1069,3018 1220,3035 1218,2959 1008,2916 906,2975 816,2938 752,2969 380,2986 234,2947 101,2980"/>
                <Baseline points="110,3038 165,3034 220,3029 275,3026 330,3023 385,3021 440,3019 495,3017 550,3015 605,3014 661,3014 716,3014 771,3012 826,3012 881,3011 936,3011 991,3011 1046,3009 1101,3009 1156,3008 1212,3008"/>
                <TextEquiv>
                    <Unicode>en sus casas proprias. Jyuan</Unicode>
                </TextEquiv>
            </TextLine>
            <TextLine id="r1l52" custom="readingOrder {index:51;}">
                <Coords points="120,3167 303,3181 368,3138 528,3168 661,3126 778,3167 822,3129 1012,3120 1126,3194 1270,3153 1268,3071 782,3049 596,3098 351,3063 118,3095"/>
                <Baseline points="126,3147 182,3144 239,3140 296,3137 353,3134 410,3132 466,3130 523,3128 580,3126 637,3125 694,3123 750,3122 807,3120 864,3119 921,3119 978,3117 1034,3116 1091,3114 1148,3113 1205,3111 1262,3110"/>
                <TextEquiv>
                    <Unicode>todos juntos, atrabajar donde quj</Unicode>
                </TextEquiv>
            </TextLine>
            <TextLine id="r1l53" custom="readingOrder {index:52;}">
                <Coords points="1331,3149 1435,3193 1544,3148 1940,3178 2146,3133 2262,3181 2393,3133 2375,3014 2271,3073 2184,3034 2094,3082 1976,3041 1738,3077 1638,3022 1508,3072 1405,3003 1331,3004"/>
                <Baseline points="1338,3125 1390,3123 1442,3123 1495,3123 1547,3123 1599,3125 1652,3126 1704,3128 1756,3129 1809,3131 1861,3132 1913,3133 1966,3134 2018,3134 2070,3134 2123,3132 2175,3131 2227,3127 2280,3123 2332,3117 2385,3110"/>
                <TextEquiv>
                    <Unicode>tlapoalti in motocaiotiaia. </Unicode>
                </TextEquiv>
            </TextLine>
            <TextLine id="r1l54" custom="readingOrder {index:53;}">
                <Coords points="99,3261 301,3313 391,3260 568,3290 654,3247 1219,3228 1205,3150 1126,3194 1025,3161 968,3210 842,3154 747,3211 219,3193 98,3225"/>
                <Baseline points="107,3258 162,3257 217,3255 272,3253 328,3251 383,3249 438,3248 493,3246 549,3245 604,3243 659,3242 714,3240 770,3239 825,3237 880,3236 935,3234 991,3233 1046,3231 1101,3230 1156,3228 1212,3227"/>
                <TextEquiv>
                    <Unicode>era, que tenjan obra, a hazer</Unicode>
                </TextEquiv>
            </TextLine>
            <TextLine id="r1l55" custom="readingOrder {index:54;}">
                <Coords points="1328,3298 1411,3319 1615,3275 1924,3330 1994,3276 2336,3292 2432,3235 2431,3146 2062,3222 1878,3184 1723,3219 1626,3164 1543,3209 1326,3170"/>
                <Baseline points="1335,3264 1389,3263 1443,3261 1498,3261 1552,3263 1607,3264 1661,3266 1716,3269 1770,3271 1825,3272 1879,3275 1933,3275 1988,3276 2042,3275 2097,3272 2151,3269 2206,3263 2260,3257 2315,3246 2369,3235 2424,3219"/>
                <TextEquiv>
                    <Unicode>pupuchti, ipampa cacannja</Unicode>
                </TextEquiv>
            </TextLine>
            <TextLine id="r1l56" custom="readingOrder {index:55;}">
                <Coords points="98,3380 237,3358 422,3422 522,3358 1087,3386 1144,3340 1210,3363 1209,3274 1110,3256 915,3315 640,3279 340,3331 97,3315"/>
                <Baseline points="105,3362 159,3360 214,3360 269,3359 324,3357 379,3357 434,3356 489,3356 544,3354 599,3354 654,3353 708,3353 763,3352 818,3351 873,3351 928,3350 983,3350 1038,3350 1093,3349 1148,3348 1203,3348"/>
                <TextEquiv>
                    <Unicode>barro, o paredes, o mayzal, o</Unicode>
                </TextEquiv>
            </TextLine>
            <TextLine id="r1l57" custom="readingOrder {index:56;}">
                <Coords points="1320,3411 1685,3417 1874,3483 2040,3420 2236,3449 2425,3390 2426,3270 2249,3324 2130,3294 1959,3371 1801,3332 1622,3369 1524,3307 1474,3349 1370,3324 1320,3356"/>
                <Baseline points="1328,3398 1382,3398 1437,3399 1491,3402 1546,3405 1600,3408 1655,3411 1709,3416 1764,3419 1818,3422 1873,3425 1928,3426 1982,3428 2037,3428 2091,3426 2146,3423 2200,3418 2255,3411 2309,3402 2364,3390 2418,3375"/>
                <TextEquiv>
                    <Unicode>amotecoço injnnemiliz in tua</Unicode>
                </TextEquiv>
            </TextLine>
            <TextLine id="r1l58" custom="readingOrder {index:57;}">
                <Coords points="99,3474 468,3470 518,3517 716,3473 797,3517 976,3466 1117,3496 1222,3471 1221,3392 1158,3414 1018,3367 928,3416 497,3402 357,3448 181,3373 99,3379"/>
                <Baseline points="107,3473 162,3469 217,3467 273,3464 328,3462 383,3461 439,3461 494,3459 549,3461 605,3461 660,3461 715,3462 771,3462 826,3462 881,3462 937,3464 992,3462 1047,3462 1103,3461 1158,3459 1214,3456"/>
                <TextEquiv>
                    <Unicode>canpoa, o acequja: para hazer</Unicode>
                </TextEquiv>
            </TextLine>
            <TextLine id="r1l59" custom="readingOrder {index:58;}">
                <Coords points="1318,3585 1767,3565 1946,3619 2105,3577 2225,3604 2409,3552 2410,3446 2256,3494 2147,3456 2011,3471 1945,3523 1666,3490 1526,3419 1454,3463 1319,3456"/>
                <Baseline points="1325,3531 1378,3534 1432,3536 1486,3540 1540,3544 1594,3549 1648,3553 1701,3558 1755,3562 1809,3566 1863,3569 1917,3572 1971,3572 2025,3572 2078,3572 2132,3568 2186,3563 2240,3556 2294,3546 2348,3536 2402,3521"/>
                <TextEquiv>
                    <Unicode>puchti, ca inoc pipiltotontizia,</Unicode>
                </TextEquiv>
            </TextLine>
            <TextLine id="r1l60" custom="readingOrder {index:59;}">
                <Coords points="105,3599 1231,3597 1231,3530 1068,3497 641,3541 465,3499 105,3516"/>
                <Baseline points="113,3581 168,3577 224,3575 279,3573 335,3572 390,3570 446,3570 501,3570 557,3570 612,3570 668,3572 724,3572 779,3573 835,3573 890,3573 946,3575 1001,3575 1057,3574 1112,3573 1168,3572 1224,3570"/>
                <TextEquiv>
                    <Unicode>estos trabajos, yuan todos iun</Unicode>
                </TextEquiv>
            </TextLine>
            <TextLine id="r1l61" custom="readingOrder {index:60;}">
                <Coords points="86,3687 393,3672 470,3721 517,3677 1210,3681 1249,3668 1249,3604 240,3648 160,3618 86,3651"/>
                <Baseline points="93,3678 150,3677 207,3675 265,3675 322,3674 380,3674 437,3674 495,3674 552,3674 610,3674 667,3674 724,3674 782,3672 839,3672 897,3672 954,3672 1012,3671 1069,3669 1127,3668 1184,3666 1242,3665"/>
                <TextEquiv>
                    <Unicode>tos, ose repartian, o yuan todos</Unicode>
                </TextEquiv>
            </TextLine>
            <TextLine id="r1l62" custom="readingOrder {index:61;}">
                <Coords points="1313,3655 1473,3694 1785,3683 1904,3752 2247,3687 2332,3718 2469,3633 2470,3494 2179,3644 2066,3590 1942,3641 1767,3567 1627,3605 1313,3594"/>
                <Baseline points="1320,3662 1377,3659 1434,3659 1491,3660 1548,3663 1605,3668 1662,3672 1719,3678 1776,3684 1833,3689 1891,3693 1948,3697 2005,3699 2062,3699 2119,3698 2176,3693 2233,3687 2290,3676 2347,3663 2404,3644 2462,3621"/>
                <TextEquiv>
                    <Unicode>can cencochi inqujlhuja toliai</Unicode>
                </TextEquiv>
            </TextLine>
            <TextLine id="r1l63" custom="readingOrder {index:62;}">
                <Coords points="86,3788 200,3747 293,3777 564,3754 692,3806 770,3762 1179,3766 1206,3691 86,3698"/>
                <Baseline points="93,3746 148,3748 203,3749 258,3750 314,3752 369,3752 424,3753 480,3753 535,3753 590,3753 646,3753 701,3753 756,3753 811,3752 867,3752 922,3750 977,3749 1033,3748 1088,3746 1143,3744 1199,3741"/>
                <TextEquiv>
                    <Unicode>juntos, atomar y traer leña</Unicode>
                </TextEquiv>
            </TextLine>
            <TextLine id="r1l64" custom="readingOrder {index:63;}">
                <Coords points="1312,3778 1970,3826 2044,3872 2158,3816 2345,3814 2400,3780 2403,3658 2333,3718 2029,3749 1952,3720 1904,3752 1654,3743 1424,3679 1313,3730"/>
                <Baseline points="1319,3776 1372,3776 1426,3777 1480,3780 1533,3784 1587,3788 1641,3792 1694,3796 1748,3801 1802,3804 1856,3809 1909,3812 1963,3814 2017,3815 2070,3815 2124,3813 2178,3810 2231,3804 2285,3797 2339,3787 2393,3776"/>
                <TextEquiv>
                    <Unicode>cali vncan cemonoque, quh</Unicode>
                </TextEquiv>
            </TextLine>
            <TextEquiv>
                <Unicode>Apendiz.
gianle, para regir atodos los
mnman tocaiotilo felpuesa
mancebos, y para castigarlos:
to, quincenpachoa, qujla
y entonces, se llamaua telpuch
tlatalhuja imixqujentin, 
tlato. Jsi ya era hombre valiente,
pupuchtin, in cetlatlacoa, y
y si en la guerra auja catiuado
noatl quitlatzontequilia, yn
quatro enemigos: elegianle, y nō
tlatzontequilia, qujntlatla
brauanle tlacatecatl, o tlacoch
lilia, quichioa Justicia: aa
calcac, o quauhtlato: los quales
in tlaoquichti intla navimas
regian, y gouernauan el pueblo.
o elegianle por achcauhtli: que
vnean quica in tlacatocai
era como agora alguazil, y tenja
in tlacochoalcatl, in quaulza
vara gorda, y prendia alos delin
to: auh no vncan: quica, i
quentes, y los ponja en la carçel.
t
quilhuja acheauhtli: ynaa
Desta manera, yuan subiendo
de grado en grado los mancebos
çan ipanpovi, ipan motiaa
que alli se criauan, y eran
in alquaçil, intopile, canotla
muy muchos, los que se criauā,
totopilcatca: yoan in eaa les
en las casas de tel puchcali: por
hoantin monteilpiaia, ina
que cacla perrocha, tenjaqujn
ze, o diez casas, de tel puehcali.
quauh calco ontetlaliauo
Jla vida que tenjan, no era muj
yxquich y, in jnpauetzilizi
aspera: y dormjan todos juntos,
in pauechiliz, intel pupiu.
cada vno apartado del otro, en
cada casa de tel puchcali: y cas
auh in jnnemiliztli amod
tigauan, al que no yua ador
quexquichtin imipan nenta
mjr, enestas casas: y comjan
impan mooapaoaia, amocd
en sus casas proprias. Jyuan
todos juntos, atrabajar donde quj
tlapoalti in motocaiotiaia. 
era, que tenjan obra, a hazer
pupuchti, ipampa cacannja
barro, o paredes, o mayzal, o
amotecoço injnnemiliz in tua
canpoa, o acequja: para hazer
puchti, ca inoc pipiltotontizia,
estos trabajos, yuan todos iun
tos, ose repartian, o yuan todos
can cencochi inqujlhuja toliai
juntos, atomar y traer leña
cali vncan cemonoque, quh</Unicode>
            </TextEquiv>
        </TextRegion>
    </Page>
</PcGts>
