2640 4120
483 62 1213 255 libro segundo
65 259 1297 448 En las tralendas del primero mes del
109 411 1300 522 año: que se llama quaujtleoa, ylosme
100 503 1309 615 xicanos le llamauan, atl caoaio: elqual
96 566 1264 668 començaua segundo dia, de hebrero: ha
94 644 1276 775 zian gran fiesta, a honrra de los dioses
93 726 1283 884 del agua, o de la lluuja, llamados tlalo
88 834 1294 979 que. Para esta fiesta: buscauan mu
105 935 1295 1073 chos njños de teta: comprandolos asus
107 1042 1286 1152 madres, escogian aquellos, que tenjan
114 1127 1297 1240 dos remolinos en lacabeça, y que vuje
96 1233 1256 1360 ssen nacido, enbuen signo: dezian
107 1294 1271 1449 que estos eran mas agradable sacri
99 1396 1276 1538 ficio, aestos dioses, paraque diesen
102 1468 1292 1639 agua en su tiempo. A estos njños lleua
119 1591 1299 1695 uan amatar, alos montes altos, donde
116 1661 1313 1772 ellos tenjan hecho voto de ofrecer: a vnos
113 1761 1288 1877 dellos sacauan los coraçones, en aque
117 1853 1274 1976 llos montes: y otros enciertos lugares
116 1941 1287 2085 de la laguna de mexico: el vn lugar
109 2042 1258 2161 llamauan tepetzinco, monte conoci
103 2143 1264 2269 do, que esta en la laguna: y aotros,
90 2248 1266 2369 en otro monte, que se llama tepepul
99 2335 1281 2485 co, enla misma laguna: y aotros en el
105 2416 1293 2546 remolino de la laguna que llamauā
110 2495 1303 2642 pantitlan. bran cantidad, de njños, ma
111 2582 1298 2726 tauan cada año enestos lugares, despu
113 2664 1277 2786 es de muertos, los cozian, y comjan. n
101 2743 1274 2872 esta misma fiesta, entodas las casas, y
104 2835 1283 2978 palacios, leuantauan vnos palos, como
111 2910 1275 3035 varales: en las puntas de los quales, po
103 3002 1271 3140 njan vnos papeles, llenos de gotas de
114 3106 1270 3195 vlli: alos quales papeles, llamauan
100 3183 1260 3277 amateteujtl: esto hazian a honrra
105 3263 1244 3393 de los dioses del agua. Los lugares
117 3344 1253 3449 donde matauan los njños, son los si
112 3428 1262 3582 gujentes. El primero se llama qua
110 3516 1257 3638 uhtepetl, es vna sierra emjnente
97 3596 1273 3733 que esta cerca del tlatelulco: alos njños
93 3677 1264 3817 o njñas, q̄ alli matauan, ponjanlos,
99 3775 1264 3885 el nombre, del mismo monte que es
96 3863 1277 4002 quauhtepetl: alos que allimatauan
1634 80 2428 241 clelas cerimonjas.
1397 309 2554 425 ytocaiocan pantitla: vmpa concaoaia
1384 415 2588 551 in teteujtl, yoan vmpa conquetzaia
1390 517 2530 657 quaujtl, moteneoa cuenmantli,
1398 633 2560 772 viujtlatztic çan itech ieetiuh yni
1387 750 2575 914 celica, yn itzmolinça, yzcallo. Yoan
1389 890 2580 1015 vmpa qujmoncaoaia pipiltzitzinti
1384 987 2609 1142 in moteneoaia tlacateteuhti: iehoā
1384 1138 2569 1261 tin in vntecuezcomeque, in qua
1380 1210 2577 1391 lli intonal: noujan temoloia, pa
1384 1352 2594 1483 tiiotiloia: mitoaia, ca iehoantin ve
1393 1479 2596 1630 laçonextlaoalti, vel qujnpaccacelia
1385 1599 2645 1768 qujnnequj, ic vellamati, ic vellama
1387 1735 2588 1897 chtilo, ynjc inca qujiauhtlatlanj
1389 1846 2582 2009 oa, quiiauhtlatlano. Auh yn no
1384 1957 2558 2114 vian calpan, intechachan: yoan
1378 2088 2584 2256 in tetelpuch calco, incacalpulco, nouj
1371 2218 2594 2368 ian qujquetzaia, matlaquauhpitza
1375 2338 2570 2486 oac, tzonioquaujtl, itech qujtlatla
1372 2462 2553 2575 liaia amateteujtl, vltica tlaulchi
1374 2556 2577 2705 pinilli, tlavlchachapatztli. Auh mj
1376 2688 2589 2801 eccan in qujmoncaoaia, quauhtepec:
1372 2803 2583 2933 auh yn vmpa onmiquja, çan ie noie
1377 2907 2554 3056 ytoca etiujia, in quauhtepetl: ynj
1379 3016 2569 3169 amatlatquj, yiapaltic. Jnic vcca
1365 3140 2552 3271 miquja, icpac intepetl ioaltecatl:
1362 3270 2561 3389 çan ie no itoca ietiuh, in tlacatete
1376 3371 2589 3537 ujtl, ioaltecatl: yn jamatlatquj, tlil
1377 3469 2532 3665 tic, chichiltic ic oaoanquj. Jnjc
1365 3644 2558 3750 excan, tepetzinco: yn vmpa onmj
1370 3735 2570 3885 quja cioatl, itoca quetzalxoch, y
1374 3820 2571 4000 tech canaia, in tepetzintli, qujtoca
