2510 3928
671 30 1246 203 libro. 2
91 267 1207 395 quarto, en otro montezillo, que es
105 343 1214 474 ta tambien, en la laguna, que se
107 417 1243 541 llama tepepulco. Acabado esta
112 496 1244 633 quarta fiesta, ponjanle en vna ca
105 578 1225 701 noa, en que el señor solia andar,
109 670 1240 784 cubierta con su toldo: y conel asus
106 758 1243 892 mugeres, que le yuan consolando,
99 844 1228 987 y partiendo de tepepulco, nauega
119 945 1211 1062 uan hazia vna parte, que se lla
121 1031 1247 1154 ma tlapitzaoaian: que es cerca del
119 1122 1216 1254 camjno, de itztapalapan, queva
131 1210 1230 1324 hazia chalco, donde esta vn mon
128 1295 1242 1431 tezillo, que se llama acaqujlpan,
115 1393 1219 1533 ocaoaltepec: eneste lugar, le de
110 1494 1212 1617 xauan sus mugeres: y toda la o
124 1576 1221 1693 tra gente: y se bolujan para la ci
124 1653 1264 1795 udad, solamente le acompanaua
125 1760 1232 1879 aquellos ocho pajes, que aujan an
115 1843 1231 1951 dado conel todo el año: lleuauan
102 1936 1208 2071 le luego avn cu pequeño, y mal
116 2035 1198 2175 alyñado, que estaua orilla del
118 2106 1234 2246 camjno, y tuera de despoblado, dis
117 2211 1209 2339 tante de la ciudad, vna legua, o
108 2291 1220 2428 casi: llegado a las gradas del cu, el
121 2381 1198 2510 mjsmo se subia, por las gradas
117 2464 1242 2585 arriba: y en la primera orada, ha
108 2536 1232 2665 zia pedaços, vna de las flautas, cō
99 2626 1257 2779 que tañja, enel tiempo de su pros
100 2721 1192 2848 peridad: y en la segunda grada
113 2801 1223 2930 hazia pedacos otra, y en la terce
124 2882 1231 3025 ra otra: y assi las acabaua todas
108 2976 1220 3111 subiendo por las gradas. llegando
118 3062 1219 3173 arriba, alo mas alto del cu: esta
114 3150 1226 3280 uan aparejados, los satrapas, que
102 3247 1215 3372 le aujan de matar, y tomauale
113 3335 1262 3458 echauanle sobre el taxon de piedra,
98 3418 1204 3543 y teujendole por los pies, y por las
103 3493 1231 3615 manos, y por la cabeça, hechado de
94 3583 1231 3714 espaldas, sobre el taxon: el que te
91 3666 1241 3830 nja, el cuchillo de piedra, metiasele
1442 31 2330 201 de las cerimonjas.
1316 243 2429 394 achi ie ytlan in tlapitzauhcan: inci
1303 343 2434 460 oa vncan oalmocuepa: auh ca iehoa
1316 439 2441 573 in matian muchioa, yn j achoan
1321 530 2446 649 ocatca, yn oqujtocatinenca in iq̄ē
1306 638 2413 762 oc nemj. Juh mjtoa yn oacic, in
1324 718 2426 837 vncan mjquja teucaltontli icaia,
1310 812 2416 931 itoca tlacochcalco: can inoma in
1316 908 2408 1055 tleco, çan monomatlecauja, in
1312 1012 2446 1160 vmpa mjquiz: ince tlamamatlatl
1312 1136 2414 1258 contlecauja, in ce conpanauja,
1305 1232 2444 1342 ce vncan qujxamanja, qujpuz
1308 1324 2473 1467 tequj yn jtlapitzal, yn jvilacapitzi,
1313 1430 2431 1568 Auh yn oqujpantlaz, yn izquj
1315 1541 2401 1680 tlamamatlatl, yn opanuetzito
1312 1642 2417 1793 tlacpac: njman qujcujtiuetzi in
1311 1765 2417 1895 tlamacazque, conaquetztiteca
1301 1860 2416 1990 in techcac: njman ie ic quelte
1312 1956 2423 2095 tequj, conanilia yn iiollo noco
1303 2061 2447 2186 njaujlia intonatiuh: ca çan mu
1310 2152 2449 2271 chi tlacatl iuh mictiloia in mamā
1298 2243 2441 2405 ti. Auh yn jtlac amo qujoal
1306 2360 2421 2502 mjmjlooaia, çan qujoaltemouj
1294 2464 2417 2611 aia, qujnauhcaujaia: auh ynj
1306 2562 2428 2711 tzontencō, tzompatitech conqua
1310 2669 2425 2828 uhço, iuh tlantica, yn iuh ipā
1301 2757 2408 2918 omjc ynechichioal: ic vmpa
1300 2900 2425 3037 ontlamj yn jnemjliz, vmpa con
1306 2994 2422 3151 tzonqujstia yn jnemjliz, yn vm
1304 3119 2354 3256 pa omjqujto tlapitzaoaian.
1299 3186 2385 3353 Auh ynjn ca qujnezcaiotia, in
1317 3294 2412 3477 tlalticpac tonemjliz: ca in aqujti
1308 3393 2426 3575 paquj, motlamachtia, in qujtli
1305 3514 2402 3675 in qujmaujcoa yn itzopelica ynj
1302 3623 2390 3796 aujiaca in totecujo, in necujlto
1296 3704 2429 3894 nolli, in netlamachtilli: injc tzia
