2508 3994
255 28 801 215 de la fiesta,
110 229 1106 348 uala tabla de las sonajas, que
106 310 1105 427 se llamaua chicaoaztli, y ponja
107 389 1099 502 la on hiesta delante della, y cō
103 471 1124 584 mencaua hazer ruydo, con las so
100 555 1117 665 najas, meneandole avna par
93 636 1124 778 te y aotra, sembrauan delan
98 722 1110 843 tedella encienso: y haziende
99 794 1112 921 esto, la subian, hasta lo alto
99 888 1105 998 del cu, alli la tomaua luc
99 1003 1128 1144 go, vno de los satrapas acues
99 1082 1145 1219 tas, espaldas con espaldas: y
88 1201 1136 1333 luego llegaua otro, y la corta
100 1276 1126 1388 ua la cabeça: en acabando
89 1355 1143 1505 la de cortar la cabeça, la abri
93 1479 1119 1609 an lospechos, y la sacauan
81 1549 1124 1699 el coraçon, y le echauan en
101 1662 1145 1787 vna xicara. Necho este sacri
92 1764 1138 1891 ficio, a honrra de la diosa xi
73 1849 1104 1989 lonen; tenjan todos licencia,
96 1962 1129 2071 de comer xilotes, y pan hecho
104 2049 1100 2185 dellos: y de comer cañas de
102 2128 1126 2281 mahiz: antes deste sacrificio,
94 2252 1097 2386 nadie osaua comer, estas co
94 2327 1118 2466 sas: tambien de ay a delan
91 2418 1117 2586 te comjan bledos, verdes, cozi
81 2539 1112 2687 dos: y pudian tambien oler
61 2639 1118 2776 las flores, que se llaman cē
60 2749 1121 2869 poalsuchitl, y las otras que
69 2828 1132 2988 se llaman yiesuchitl. Cain
59 2925 1128 3093 bien en esta fiesta, hazian arey
63 3023 1144 3195 to, las mugeres, moças, viejas,
72 3141 1107 3278 y muchachas, no baylauan,
77 3248 1151 3401 con ellas hombres ningunos, to
64 3354 1156 3484 das yuan ataujadas de fiesta
36 3458 1141 3595 enplumadas las piernas, y los
64 3558 1135 3684 braços, con pluma colorada de
63 3664 1137 3784 papagayos: afeytadas las caras
1373 36 2052 206 veitecujlhujtl.
2204 72 2471 231 fo. 57
1211 236 2345 388 paro ietiuh, ytlaquechpan
1189 349 2335 467 iouh ietiuh, amatl intlachi
1194 442 2316 607 uhtli. Ef . cetlacatl qujquech
1194 567 2323 704 panoa in aiochicaoaztli, ex
1206 650 2322 780 can in cacalaca: auh ynoa
1208 744 2338 862 cito yn vncan miquizcxilonē,
1203 848 2300 987 nman qujoalnamjquj in
1215 963 2302 1078 tlenamacac, ixpan qujoal
1212 1063 2308 1224 tilquetza in chicaoaztli, quj
1221 1168 2278 1316 cacalatza: yoan yiauhtli ic
1213 1285 2313 1434 qujoalnamjquj, yuicpaquj
1197 1379 2286 1524 oalchaiaoa. Auh ie ic contle
1216 1494 2314 1635 cauja in cinteupan, çatepan
1206 1597 2308 1731 conteca in tecujtlapan, amo
1208 1688 2304 1853 techcac, çan tecujtlapan in
1202 1784 2335 1955 miquja. auh yn icujtlapan
1214 1918 2343 2057 mjcoaia, motocaiotia tepotzo
1187 2003 2287 2175 a: njman ie ic tlacoti, quj
1211 2097 2319 2289 quechtequj, yn otlacotic, yno
1213 2209 2295 2374 contlatlatique, njman ie ic
1210 2308 2334 2483 çonanjlia yniiollo, xoxouh
1213 2417 2359 2614 quj xicalco qujoallalia: iehoā
1219 2529 2346 2711 qujmati in machiceque catca
1220 2630 2366 2803 in campa qujtlalia, in campa
1220 2741 2355 2914 qujnequja. Yoan iquac ian
1229 2844 2330 3025 cujcan quaioia, in xilotlax
1226 2952 2344 3095 calli: iancujcan tlamanalo,
1219 3067 2302 3214 iancujcan moquaquaia ino
1212 3175 2326 3333 oatl: yoan iancujcan mopa
1215 3272 2299 3438 oaci inoauhqujlitl, yoan
1220 3373 2292 3529 ianeujcan ynecu in suchitl,
1223 3483 2386 3637 in cempoalsuchitl, in je suchitl.
1227 3600 2391 3761 Aiuh yn iquac in vei tecujlhujtl
