1884 2742
191 9 591 126 Capitulo. 14.
56 115 870 212 El catorzeno capitulo, habla: cerca
59 206 829 307 de vn dios, que se llamaua macujlxo
54 255 833 371 chitl, que qujere dezir: cinco flores.
46 320 840 428 Y tambien, se llamaua, xochipilli, q̄
51 402 847 510 qujere dezir: el principal, que da
62 469 850 574 flores, o que tiene cargo, de dar flo
44 567 143 635 res.
59 594 846 695 Aeste dios, llamado macujlxochitl, te
61 675 847 755 njan le por dios, como al arriba dicho: que
65 741 855 828 es el dios, del fuego. Era mas particular
61 785 859 883 dios, de los que morauan, en las casas
54 859 895 938 de los señores: o en los palacios, de los
61 906 865 1008 principales. A honrra deste dios, hazi
61 975 863 1064 an fiesta: y su fiesta, se llamaua, xo
61 1027 870 1112 chilhujtl: la qual fiesta, se contaua,
64 1073 857 1177 entrelas fiestas, moujbles: que estan, e
63 1144 871 1245 nel quarto libro: que trata del arte, a
62 1214 862 1310 diujnatorja. Quatro dias, antes desta
62 1278 866 1367 fiesta, ayunavan todos, los que la cele
63 1356 848 1435 brauan: assi hombres, como mugeres:
48 1391 860 1501 y si algun hombre, enel tiempo deste
73 1458 885 1553 ayuno: tenja accesso, a muger, o algu
77 1533 871 1620 na muger a hombre, durante el dicho
76 1601 873 1672 ayuno: dezian, que ensuziaua su ayu
69 1644 880 1748 no. Y este dios, se offendia mucho des
76 1712 880 1795 to: y por esto, herja, con emfermedades,
77 1774 860 1844 de las partes secretas, alos que tal ha
77 1829 858 1917 zian: como son, almorranas, pudre
83 1886 880 1965 dumbre del mjembro secreto, deviesos,
73 1958 879 2054 y encordios. Et . Y porque tenjan enten
72 2015 875 2103 dido, que estas emfermedades, eran
86 2066 877 2169 castigos, deste dios: por la causa, arri
78 2132 874 2212 ba dicha, hazian le votos, y prometi
80 2174 900 2267 mjentos: paraque se aplacasse, y cesa
81 2235 900 2343 sse, de afligir: con aquellas emferme
79 2296 900 2403 dades. Quando llegaua, esta fiesta, des
83 2357 876 2458 te dios, que se llamaua, xochilhujtl:
85 2428 915 2517 que qujere dezir, la fiesta de las flores,
89 2486 887 2570 como dicho es: ayunauan todos, qua
81 2538 897 2638 tro dias: algunos no comjan chilli, o axi:
933 2 1423 99 de lllacujlzucnitl:
1661 17 1810 97 to. 12.
917 115 1721 221 co cioatl, ipan oqujchcochiz: mjtoa
914 186 1698 311 ia, qujntlaçulmjctia, yn jneçaoa
911 277 1707 377 liz, ic quitemacaia, tetech qujtla
911 357 1702 472 liaia, qujteilhujltiaia, qujtema
912 453 1718 556 ceoaltiaia, in xochiciuiztli, yn me
1219 528 1734 628 tlapalanaltiliztli, que
924 533 1187 648 nexoaliztli,
1218 624 1705 734 yuicpa netoloa, ne
912 606 1180 726 xiliuiliztli.
1211 722 1697 807 ynjc qujceuiz, ynjc
913 719 1175 803 netoltiloia,
928 800 1691 913 qujquaniz, ynjc qujçaxaoaz,
932 883 1692 982 cuculiztli. Auh yn jquac ilhuj
924 960 1732 1095 qujxtililoia, ipan xochilhujtl: ach
932 1041 1734 1195 topa navilhujtl nexochiçaoalo: in
927 1145 1722 1264 cequjntin ic moçaoaia, chilcaoa
924 1215 1715 1341 ia, qujnnepantla tonatiuh, in
936 1338 1698 1477 tlaquaia, centlaquaia, ioalne
939 1407 1696 1545 pantla qujmattiuh, tlacujlol
936 1523 1714 1648 atulli in qujia, xochitontli yni
941 1599 1720 1723 pan ca, moxochiçaoa: muchi
936 1700 1710 1821 qujqua in velic, çan no nepan
932 1777 1729 1922 tla tonatiuh qujmattiuh. Auh
935 1865 1723 2021 yn aca, çan qujxcaviaia, in io
939 1958 1720 2085 tlaxcalli qujquaia, atle chilli:
937 2061 1725 2191 no nepantla tonatiuh qujmatti
941 2155 1734 2295 uh: yc tlamacujlti yn jlhujqujx
944 2263 1747 2379 tililoia, iquac ce tlacatl qujmixip
936 2336 1695 2463 tlatiaia, conmaqujaia yn jtlat
944 2442 1735 2547 quj, ipan mjtotiaia, qujtlatzo
954 2509 1767 2620 tzonjliaia, qujcujcatiaia: yoan
