2540 4030
474 86 1063 277 Libro. 2.
130 278 1319 424 esperando, se ponjan delante, para
147 378 1301 516 que el fuesse tras ellos persigujen
140 452 1319 605 dolos: y ansi comencauan a huyr
133 548 1329 677 delante del reziamente: yuan bol
124 647 1295 816 ujendo la cabeça, y golpeando las
138 735 1321 888 rodelas, como prouocandole apele
144 827 1303 974 ar, y tornauan luego acorrer, cō
147 932 1304 1107 gran furia. Todos los que vian
153 1013 1307 1180 esto, temjan, y temblauan de
146 1117 1325 1287 ver aquel iuego. Y este iuego se
140 1222 1318 1383 llamaua cacacali: porque todos a
138 1316 1323 1489 quellos, que yuan huyendo, lleua
151 1402 1327 1530 uan en las manos, vnas escobas de
142 1509 1295 1626 cacates ensangrentadas: y el que
141 1584 1319 1745 lleuaua el pellejo vestido, con los que
146 1682 1304 1834 yuan acompañandole, persegujan
149 1771 1301 1933 alos que yuan delante huyendo: y
134 1875 1298 2028 los que huyan, procurauan de esca
117 1955 1274 2136 parse, de los que los persegujan,
136 2069 1306 2237 porque los temjan mucho: y lleoan
144 2156 1319 2312 do al pie del cu de vitzilobuchtli, a
135 2243 1320 2415 quel que lleuaua el pellejo vestido,
136 2325 1340 2488 alçaua los braços, y ponjase encruz
139 2422 1286 2596 delante de la ymagen de vitzilo
149 2538 1314 2698 puchtli: y esto hazia quatro vezes
146 2632 1292 2763 ttecho esto bolujase adonde esta
134 2721 1300 2891 ua la estatua de cinteutl: hijo de
146 2808 1307 3005 aquella diosa, llamada toci, aqujen
152 2931 1317 3089 esta representaua. Este cinteutl
145 3036 1307 3170 era, vn mancebo: el qual lleuaua
151 3136 1273 3292 puesto, por caratula, el pellejo
150 3243 1319 3383 del muslo lo de la muger, que a
147 3363 1300 3482 ujan muerto, y iuntauase consu
157 3428 1301 3567 modre: los ataujos que lleuaua
142 3527 1301 3657 era la caratula del pollejo, me
146 3622 1287 3771 tida por la cabeça, y vn capillo de
140 3717 1298 3873 pluma metido en la cabeça, que
141 3815 1333 3982 estaua pegado a vn gaujto de pluma,
1561 72 2446 241 de las cerimonjas:
1392 281 2450 416 ca, Ci teutl, in vmpa cana
1397 393 2447 561 tiuh. Auh in ie iuhquj, mno
1395 476 2467 695 cō maquj Teccuz quacujlli:
1408 581 2482 793 mec oalmoquetztivetzi tla
1396 730 2464 932 tempan: mo oal moquetzti
1410 881 2412 1047 vetz, cencan iciuhca: mec
1389 1001 2458 1156 oaltemotivetzi, qujtzatzaci
1382 1110 2441 1283 tivitze nenecoc, oomemati
1386 1203 2461 1413 vitze mjcuexoan. Auh intla
1387 1358 2473 1533 macazque qujpalevitivi, ica
1368 1473 2450 1642 paonotivi, qujtepevitivi,
1375 1576 2469 1771 qujpioctivi: auh in caqujn
1368 1695 2449 1858 tin quj chixtoque i pipu
1371 1797 2465 1954 ti, yoan i veven tracaoa.
1365 1932 2474 2090 Auh mjquac ie iauch: njmanta
1363 2070 2463 2190 iconeoa, ixpā mātivi, ixpa
1376 2159 2461 2311 onotivi, cenca motlaloa, cen
1380 2272 2456 2446 capaina; iuhqujn patlanj,
1367 2397 2466 2550 ic motlaloa; oal mocuecuep
1378 2490 2471 2665 tivi, mj viepa, quj oal hujlo
1366 2633 2468 2769 tivi, in ichimal, oalmoci
1364 2747 2474 2906 malhujtacti vi, no ceppa ic mna
1365 2860 2470 3010 cuepti vetzzi, ontetemj, ompi
1371 2972 2470 3110 pilcatque in motlaloa: catlo
1380 3089 2467 3227 canemauhtilo, maviztli te
1375 3189 2459 3336 pan moteca, vel tetechaquj
1372 3289 2493 3478 m maviztli. Auh mjc uuhiai
1360 3413 2468 3580 m: mo toneoa, çacacali: ieh
1368 3540 2455 3711 ca, çaçacatl, capopotl in tnn
1370 3630 2476 3796 mactecentiun, ehezco, tlass
1373 3760 2477 3947 villi: acch mjc qujntoca, caā
