2502 4038
272 4 848 203 dela fiesta
94 209 1129 349 nero, abracandole por la cinturā
78 337 1119 437 todos: lleuauan vn compas, enel
86 409 1097 531 alçar del pie, y enel echar del
79 485 1111 625 paso adelante, y enel boluer a
93 582 1151 710 tras, y enel hazer de las boeltas:
87 656 1125 793 dançauan por entre loscande
81 770 1118 925 leros, o fugones, haziendo con
69 868 1109 1012 trapas entre ellos, dançauan
81 963 1112 1108 hasta bien noche, cesauan a
84 1079 1109 1217 la hora de la nueue dela no
78 1190 1096 1333 che, encesando el que tañja,
81 1298 1106 1443 el atambor, y teponaztli, lue
76 1378 1099 1541 go todos se parauan, y luego
92 1476 1132 1587 començauan, de yr asus casas:
72 1577 1112 1718 alos muy principales, yuan
69 1668 1124 1803 alumbrando, con sus hachas
78 1769 1111 1906 de tea delante: y las mugeres
79 1855 1125 1985 que aujan dançado, juntauā
73 1938 1118 2048 se todas, en acabando el arey
68 2036 1112 2184 to: y los que tenjan cargo del
68 2135 1126 2267 las, lleuauanlas alas casas, do
81 2239 1114 2373 de solian juntarse, no consē
84 2345 1111 2486 tian que se derramassen, nj
87 2444 1139 2586 que se fuessen, con ningun hō
67 2548 1116 2671 bre, eccepto con los principales
69 2648 1129 2801 si llamauan a algunas dellas,
49 2741 1094 2908 para dar las de comer: tambi
67 2859 1113 3011 en alas matronas, que las
62 2953 1113 3120 guardauan, las dauan comj
56 3058 1126 3213 da, y mantas: porque las lle
58 3168 1123 3283 uauan asus casas, lo que leso
46 3277 1120 3392 braua de la comjda, siempre
47 3387 1086 3516 lo lleuauan, asu casa algunos
42 3480 1124 3618 principales, soldados, si queri
55 3577 1127 3704 an lleuar, alguna de aquellas
64 3651 1110 3777 moças, dezianlo secretamente,
1394 20 2078 196 dei tecujlhujtl,
2225 101 2478 226 fo. 54.
1208 236 2326 379 auh ynic tecpantiuj, in mitotia,
1194 329 2293 462 monaoa, mocujtlanaoa. Auh
1192 430 2293 594 in cequjntin, in matitech maa
1198 535 2304 655 na, nematitech neaano: auh
1208 644 2314 811 ynic qujiauhtiuj, yn imicxi
1207 771 2341 935 yn ic tlayiaoa, çan ceniauh yn
1211 899 2336 1019 imicxi: yoan ontzitzinqujça,
1192 1003 2334 1146 itlan qujqujztiuj in tlaujltetl,
1196 1131 2344 1257 itzalan quiquiztiuj, itic caca
1204 1235 2371 1383 lactiuj, yn izqujpantli tlaujltetl:
1188 1340 2320 1495 yn oacito yn vmpa tlantoc, oc
1216 1451 2341 1628 cepa momalacachoa, in cujtla
1208 1557 2324 1744 ujc, oalmocuepa. Auh inne
1205 1674 2320 1854 caoaloa, ie tlaquauhiooa, ie ne
1191 1810 2314 1964 tetequizpan: yn iuh mixtla
1190 1941 2300 2075 xilia axcan aço iechicunauj
1209 2053 2294 2202 ora. Auh in ie ixqujch, yno
1210 2172 2345 2348 neçaçaoaloc, yn ompet veuetl,
1207 2264 2380 2451 mec cecenmanoa, viujloa, yn
1201 2426 2339 2565 ixqujchtin viuj yn inchachan:
1208 2543 2367 2685 in veuei pipilti, oncaçaoalo, tla
1207 2655 2320 2804 vilpan, tlaujlilotiuj, qujntla
1217 2750 2302 2932 tlaujlitiuj yn inchan. Auh
1208 2882 2349 3048 yn cioa yn otenaoaque, njman
1203 2984 2326 3119 mocentlalia, in ie oncujcoia
1209 3093 2318 3254 noloc, in qujiacana, yn iuhq̄
1209 3202 2344 3367 yntiachcaoan muchioa, qujn
1201 3332 2300 3479 nechicoa, qujntecpichoa, quj
1203 3443 2347 3591 mololoa, qujncenqujxtia, quj
1200 3575 2310 3689 centecpichoa, vel qujmixpe
1215 3652 2317 3798 pena, yn maaca canapa ia,
2281 3869 2372 3953 lob
