2698 4078
19 1275 157 1400 omas
385 -9 850 121 Capitato
210 80 1356 187 bien hojas, de la mjsma flor, Tenja, vncetro
210 129 1360 238 enla mano derecha, coma vncaliz, y de lo al
204 201 1250 314 todel, salia como vn casqujllo, de saeta.
205 306 1366 449 Capitulo deziocho, que habla, del
213 428 1346 546 dios, llamado xjpe totec: que quje
203 486 827 634 re dezir, desollado:
208 597 1337 718 Este dios, era honrrado de aquellos, que
223 675 1334 804 biujan ala orilla de la mar: y su origen
218 743 1349 878 tuuo entzapotlan, pueblo de salixto. A
221 814 1355 940 tribuyan aeste dios, estas emfermedades,
226 890 1337 1035 que se siguen: primeramente las virue
221 983 1358 1085 las, tambien las postemas, que se hazen
223 1042 1383 1149 enel cuerpo, y la sarna: tambien las em
213 1098 1331 1248 fermedades, de los ojos: como es el mal,
215 1183 1393 1329 de los ojos, que procede de mucho beuer:
225 1254 1383 1396 Y todas las emfermedades, que se caujā
245 1330 1378 1438 en los ojos. Todos los que eran enfermos
234 1406 1370 1551 de alguna de las emfermedades dichas:
232 1480 1360 1615 hazian voto aeste dios, de vestir su pelle
225 1573 1402 1692 jo: quando se hiziesse su fiesta: la qual
239 1646 1364 1776 se llama, tlacaxjpeoaliztli: que qujere
230 1713 1364 1856 dezir, desollamjento de hombres. Enes
230 1786 1401 1951 ta fiesta, hazian como vn juego de cañas.
238 1892 1362 2000 demanera que el vn vando, era dela
236 1992 1334 2103 parte deste dios, o ymagen del dios to
241 2047 1318 2180 tec: y estos todos, yuan vestidos, de
233 2143 1351 2263 pellejos de hombres, que aujan muer
231 2210 1345 2346 to, y desollado, en aquella fiesta: to
245 2296 1359 2426 dos rezientes, y sangrientos, y corri
229 2376 1380 2494 endo sangre. Los del bando contrarjo,
242 2466 1386 2585 eran los soldados valientes, y osados,
229 2565 1386 2675 y personas velicosas, y esforçados: que
233 2643 1382 2755 no tenjan en nada, la muerte: osados,
237 2728 1345 2833 atreujdos, que de su voluntad, sali
234 2789 1357 2911 an, acombatirse, con los otros. Alli
231 2859 1355 2975 los vnos, con los otros, se exercitauā,
225 2956 1376 3076 enel exercicio de la querra: perseguj
241 3033 1357 3160 an los vnos, alos otros: hasta su pues
238 3106 1357 3238 to, y de alli bolujan huyendo, hasta
244 3201 1362 3328 su proprio puesto. Acabado este jue
235 3301 1366 3412 go, aquellos que lleuauan, los pellejos
241 3363 1340 3487 de los hombres vestidos: que eran de
237 3453 1352 3576 la parte deste dios totec, yuan se por
234 3528 1365 3667 todo el pueblo: y entrauan en las casas,
244 3616 1346 3741 de mandando, que les diessen, alguna
230 3694 1379 3785 limosna: por amor de aquel dios. Enlas
238 3783 1399 3915 casas donde entrauan: hazian los sentar,
1577 38 2228 177 de xipe totec.
2437 70 2569 204 fo
1419 283 2612 453 Anaoatl iteouh: tzapoteca in vel in
1442 429 2600 598 teuh catca, yn itequiuh pouja, yn
1431 571 2569 737 ixcoian ytlachioal, yn ineixca
1439 674 2561 871 vil: ic temotlaia, ic texoxaia, ie
1429 822 2612 998 hoatl qujtemacaia, in totomonjliz
1412 933 2612 1156 tli, papalaniliztli, çaçaoatiliztli,
1423 1122 2616 1309 ixcuculiztli, ixchichitinaliztli, ix
1434 1227 2574 1447 tenpipixqujliztli, ixttamaçolici
1443 1379 2597 1589 uiztli, ixaiauhpachiuiliztli, ix
1439 1525 2642 1716 nacapachiuiliztli, ixoaoaciviztli,
1433 1665 2557 1848 ixtotoliciviztli, ixtezcayciuiztli.
1445 1816 2614 1988 Jnaqujn ipam muchioaia, yn cu
1439 1950 2592 2118 culiztli toqujchti, yuicpa mone
1432 2043 2597 2236 toltiaia, yujcpa mjtoaia: ynjc
1439 2218 2642 2405 onmaqujz yn jieoaio, ynjc itlan
1450 2340 2634 2572 aquiz, yn jquac ilhujqujxtililo:
1437 2506 2624 2693 motocaiotia, tlacaxipeoaliztli: tla
1449 2669 2608 2845 painaltiaia, tetocaia, mjequjn
1440 2792 2600 2962 tin momanaia, muchinti eoaio
1432 2936 2607 3118 tiuj, chichiiaoatiuj, chichipica
1433 3045 2636 3243 tiuj, tzotzotlantiuj in tetoca, ynjc
1430 3198 2608 3362 motlamauhtiliaia: qujnnecalil
1438 3366 2646 3506 tiaia, qujnnamjquj in tiiacaoan
1442 3492 2648 3668 tlapepenti, tlatzonanti: yoan in ix
1441 3597 2688 3791 qujchti, çan papaqujnj, yn mjhivin
1453 3784 2645 3887 tia, tlatlamati, moqujch nequj, co
2598 105 2702 188 6
