2612 4116
307 17 851 236 de la arte
21 246 1208 406 rasa, dezian: que era mal afor
14 387 1205 526 tunada: porque: enella reynaiua
28 476 1220 615 la diosa venus, que le llamauan
22 558 1214 712 tlaçulteoutl: los que nacian en
25 636 1262 808 esta casa, siempre eran desdicha
28 732 1242 917 dos, y de mala vida: y todas las
38 851 1212 1016 casas nouenas, eran mal acon
26 953 1244 1127 dicignadas. A la decima casa:
33 1047 1273 1183 llamauan matlactli ocelutl. Esta
54 1159 1221 1294 casa: erabien afortunada, como
47 1275 1239 1414 todas las casas decimas, de todos
42 1371 1258 1546 los signos: son bien acondiciona
45 1482 1239 1637 das: porque enellas, dizen: rey
52 1595 1267 1726 naua Tezcatlipuça: que es el ma
53 1681 1219 1846 yor dios. Y los que enesta casa
52 1766 1248 1944 nacian, dezian: que si ujujessen
51 1863 1264 2013 sericin prosperos: y luego los bap
69 1979 1250 2121 tizauan eneste dia: algunos los
68 2106 1243 2215 dexauam para baptizar los, en
55 2186 1238 2324 la frezena casa: porque los me
55 2286 1254 2422 jorauan la fortuna: baptizando
69 2389 1255 2538 lo enella. A. la vndecimaca
57 2490 1286 2636 sa: llamauan, matlactli oce qua
64 2599 1246 2753 uhtli, y ala duodecima: llama
66 2708 1208 2849 uan, matlacth vmome cozca
83 2796 1248 2967 quauhtli. Estas dos casas, de
70 2886 1266 3053 zian: que en parte exan bueñas
76 2977 1260 3165 y en porte malas: alos que en el
73 3091 1255 3279 las nacian, baptizauan los, en
54 3189 1254 3380 la casa terciadecima: que tlama
74 3323 1239 3478 uan matlactli omei olin, de
81 3412 1259 3617 zian: que baptirando los en esto
74 3509 1230 3695 casa, se les remediaua su ma
72 3615 1216 3797 la fortuna. Porque todas las
92 3730 1254 3895 cusas postreras, de todos los
1354 40 2159 220 aciujnatoria
2371 83 2572 256 fras.
1295 234 2425 397 iotl, motqujtica necujltonolli, ne
1283 363 2453 495 tlamachtilli, mulhqujtoaia tonac
1295 449 2455 602 poutque: auh m aqujnvncan tla
1302 571 2473 686 catia, muchqujnemactiaia mpapa
1294 651 2425 807 qujnj iez, aaujenj, tececeltianj, te
1297 769 2434 902 ceremeltianj, çamanale, camana
1293 856 2450 1030 loanj, vetzquiztliqueoa, cemjcnjuti
1297 972 2471 1113 tli, tocecemjenjuh muchitlacatl itla
1298 1080 2440 1227 co, novian vel tetlan motlalia, no
1311 1192 2452 1325 bian tapal vntlaqua, ontlachia.
1301 1304 2455 1456 aiacqujiolitlacoa: ipampa miuh
1310 1420 2433 1590 quj itonal ocomathi: auh in tlau
1317 1524 2512 1645 oatl cenca mocujltonoz, itlauelmat
1307 1641 2488 1790 liz, uel muchioaz mjtiamjc, vellane
1318 1750 2448 1899 cujloz, vel motlacatiz, qujhimatiz
1310 1866 2497 1998 qujtlatlamachiz mjtiamjc, mjtlaca
1314 1977 2478 2127 omo actuetziz, amo caxaoaz, vel mo
1311 2092 2461 2229 chioaz, mjnatauh, intlem qujmo
1308 2207 2527 2339 nanauhtiz: ipompa nchicometioaia,
1310 2293 2458 2438 toncle, caiuhca memac. Auh in
1322 2405 2467 2567 chicues malinalli: no achiqujqua
1315 2535 2551 2700 littaia, çannovian iuhquj, in ixqujch
1310 2649 2492 2797 chichicueey tonalli. Auh inchicu
1311 2754 2486 2896 navi acatl: cannjman amo qualli,
1310 2870 2509 3036 ipampa qujlmach itlatoaia, itlace
1318 2964 2450 3113 mjltiujtiltiaian Tl açolteutl, mot
1321 3089 2439 3240 qujtica tlaçolli: m aqujn vncan
1319 3179 2468 3326 tlacati, ieomjco: njman atle qualli
1316 3296 2473 3453 qujmaceoa, çan vncan ca itelchioa
1323 3387 2516 3542 ioca, iquequetoloca, icuecuenochichi
1298 3534 2483 3674 oaloca, iaujlqujxtiloca. Et a ovi
1322 3638 2473 3756 ian iuhcanjn, mjzqujçan chicuna
1333 3749 2457 3871 vitioaia, miuh ie mjteccan omjlo:
