2010 2626
128 5 1975 159 Capitulo. 16. de la decima sexta fiesta: que se llama, Atemuztli. ibidem.
144 134 1917 229 Capitulo. 17. de la decima septima fiesta: que se llama Tititl. fol. 11.
146 200 1933 280 Capitulo. 18. de la decima octava fiesta: que se llama Izcalli. ibidem.
137 268 1974 374 Capitulo. 19. de los cinco dias postreros, del año que se llaman Nemon
139 310 1129 412 temj: y de las fiestas moujbles. fol. 12.
137 398 1959 498 Capitulo veynte, de la fiesta, y sacrificios: que hazian en las calendas del
133 458 1742 545 primero mes: que se llamaua, Atl caoalo, o quavitleoa. fol. 15
141 534 1929 611 Capitulo veynte y vno: de las cerimonjas, y sacrificios: que hazian en el
135 587 1573 681 segundo mes: que se llamaua Tlacaxipeoaliztli. fol. 17.
130 652 1932 781 Capitulo veynte y dos: de la fiesta, y sacrificios: que hazian, en el postre
138 715 1816 834 ro dia, del segundo mes: que se dizia, Tlacaxipeoaliztli. fol. 24.
131 787 1904 925 Capitulo. 23. de la fiesta, y cerimonjas: que hazian, en las calendas,
141 876 1565 961 del quarto mes, que ellamaua, veitoçotli. fol. 27.
145 961 1924 1084 Capitulo. 24. de la fiesta, que se hazian, en las calendas, del qujnto
138 1026 1184 1111 mes, quellamaua: toxcatl. fol. 30.
138 1067 1927 1205 Capitulo. 25. de la fiesta, y sacrificios: que se hazian en las calendas,
144 1164 1543 1268 del sexto mes, que se llamaua, Etzalqualiztli. fol. 37.
131 1228 1915 1347 Capitulo. 26. de la fiesta, y cerimonjas, que se hazian en las calendas,
145 1296 1701 1424 del septimo mes, que se nombraua, Tecujlhujtontli. fol. 46.
127 1365 1914 1493 Capitulo. 27. de la fiesta, y sacrificios, que se hazian en las calendas,
129 1456 1533 1568 del octavo mes, que se dezia, Veytecujlhujtl. fol. 49.
136 1505 1946 1645 Capitulo. 28. de la fiesta, y sacrificios: que se hazian en las calendas del
128 1609 1420 1705 nono mes: que se llamaua, tlasuchimaco. fol 58.
116 1665 1933 1797 Capitulo. 29. de la fiesta, y sacrificios, que se hazian, en las calendas,
136 1728 1499 1861 del decimo mes, que se llamaua, xocotl vetzi. fol. 61.
128 1802 1903 1939 Capitulo. 30. de la fiesta, y cerimonjas, que se hazian en las calendas,
137 1912 1550 2008 del onzeno mes, que se llamaua. Ochpaniztli. fol. 66.
138 1967 1924 2088 Capitulo. 31. de la fiesta, y sacrificios, que se hazian, en las calendas,
145 2035 1479 2126 del dozeno mes, que se llamaua, Teutleco. fol. 73.
139 2110 1938 2225 Capitulo. 32. de la fiesta, y sacrificios, que hazian, en las calendas,
136 2177 1415 2271 del trezeno mes, que se dezia Tepeilhujtl. fol. 75.
127 2238 1927 2347 Capitulo. 33. de la fiesta, y sacrificios, que se hazian en las calendas
130 2302 1547 2402 del catorzeno mes, que se llamaua, Quecholli. fol. 77.
132 2392 1965 2509 Capitulo. 34. de la fiesta, y sacrificios, que se hazian en las calenda
124 2447 1649 2538 del qujnzeno mes, que se dezia, Panquetzaliztli. fol. 82.
