2630 4216
371 102 992 288 delassifrendas.
74 290 1184 442 do entrauan en llgun lugar, don
72 403 1165 546 de auja ymagens de los ydolos:
65 488 1174 601 vna, o muchas uego tocauan en
63 536 1177 695 la tierra, con el dedo, y luego le lle
61 619 1198 779 gauan, ala boca, o ala lengua: aesto
66 714 1191 837 llamauan comer tierra, hazianlo
74 790 1190 942 en reuerencia de sus dioses: y todos
69 871 1207 1046 los que salian desus casas, aunque
63 946 1199 1102 no saliessen del pueblo, bolujendo
76 1022 1184 1180 asu casa, hazian lomjsmo : y por los
80 1091 1187 1280 camjnos, quando passauā, delante
65 1177 1215 1348 algun cu, o oratorio, hazian lo mjsmo:
71 1267 1207 1410 y enlugar de iuramento, vsauan es
73 1318 1211 1503 to mjsmo, que para afirmar, q̄ dezi
67 1406 1217 1547 an verdad, hazian esta cerimonja:
68 1462 1187 1645 y los que se querran satisfazer, del
71 1533 1210 1713 que hablaua, si dezia verdad, demā
86 1617 1246 1788 dauanle que hiziesse, esta cerimonja
65 1709 1234 1917 y luego le ereyan, como juramento.
74 1890 1237 2040 azian otra cerjmonja, comumente,
88 1964 1207 2111 que llamauan, tlatlacaliztli, que
98 2040 1249 2194 qujere dezir arrojamjento: y era que
117 2146 1257 2298 nodie comjesse, sinque primerame
97 2213 1239 2388 te, arrojasse al fuego, vn bocadillo,
99 2331 944 2483 elo que auja de comer.
187 2422 553 2600 Tniug
212 2520 263 2630 a
106 2936 1257 3102 Tenjan otra cerimonja, tambien
111 3053 1264 3208 comun, que nadie auja de beuer
98 3150 1270 3299 pulcre, sin que primero derrama
98 3220 1244 3373 sse vn poco, ala orilla del hogar:
103 3309 1242 3475 y quando qujera que encetauā,
117 3420 1241 3559 alguna tinaja de pulcre, prime
129 3506 1255 3631 ro echauan en vn lebrillo canti
111 3588 1235 3754 dad dello, y ponjan vn lebrillo,
116 3678 1257 3841 cexca del fuego, y dalli tomauā,
110 3793 1246 3952 con vn vaso, y derramauan al
2241 105 2504 235 fo. 121.
1517 74 2041 245 del templo
1286 268 2428 428 diablo, anoço tlecujlixquac:
1288 373 2452 552 yoan ic tlaneltililoia, ic neltia
1303 462 2412 636 in tlatolli: yn jquac tlein a
1304 565 2391 706 mo cenca neltocoia tlatolli:
1304 671 2425 807 ic teilhujloia, intlanelli inti
1311 771 2435 948 qujtoa tlaxontlalqua: ic nj
1291 888 2421 1039 man tlalquaia in aqujn, ic
1318 988 2142 1179 qujneltiliaia itlatol.
1390 1251 2126 1455 Tlatlacaliztli.
1335 1495 2420 1676 Auh inic muchioaia tlatla
1334 1599 2455 1786 caliztli, iquac in tlein qualoz
1339 1715 2487 1915 yn aiamo qualo, aço tlaqua
1320 1831 2471 2006 lli, achtopa achiton tepitō
1322 1945 2465 2127 mocotonaia, tlecujlixquac
1326 2047 2461 2232 onmotlacaia: in ontlatlaça
1326 2173 2452 2348 loc njman ic peoa inic tla
1332 2275 2485 2492 qualoz: aiac achto tlaquaia
1351 2388 2472 2552 vel achto tlatlatlaçaloia, in
1335 2538 1904 2681 tlecujlixquac,
1494 2675 2234 2890 Tlatoiaoaliztli.
1359 2878 2444 3051 Inic muchioaia tlatoiaoaliz
1357 2997 2461 3166 tli, iquac in tlaoanaloia, aco
1364 3124 2489 3258 vitziecoloia: iquac in aca ian
1369 3215 2519 3385 cujcan qujtlalia vctli, yn iquac
1362 3337 2485 3507 oqujtlapiuj, iquac ic tenotza
1359 3441 2482 3615 ia, qujoalmana apaztica tle
1355 3575 2503 3729 cujlisquac, yoan tetlaoancax
1362 3659 2485 3832 tepiton. Auh yn iquac iete
1362 3789 2494 3953 tlaoantiz, coxopiloa tetlaoan
2466 3974 2567 4084 njā
