2624 4182
191 28 858 209 delos edificios,
53 257 1156 375 en alli arrojauan vnas cañas verdes,
54 332 1137 452 despues que las aujan ensangrenta
54 397 964 526 do, y ofrecidolas, alos dioses.
54 492 1153 626 El vigessimo quarto edificio, se llama
66 570 1097 677 ua, vitznaoac calmecac: este era
58 634 1164 742 vn monesterio, donde abitauan los
57 707 1136 820 mjnistros de los ydolos, que serujā
64 781 1147 859 enel cu del dios vitznaoac, in cen
62 859 1138 962 sando, y haziendo los otros seruj
64 911 1174 1063 cios, que acostumbrauan cada dia,
49 1219 1154 1424 El vigessimo qujnto edificio, se lla
70 1362 1149 1482 maua, otro quauhxicalco, era de
64 1436 1123 1561 la manera del otro, que queda
79 1507 1166 1625 dicho atras, delante deste cu, esta
78 1582 1146 1706 ua vn tzompantli, que es donde
75 1662 1164 1775 espectauan las cabeças de los muer
79 1747 1166 1862 tos: y encima del cu, estaua vna
87 1799 1145 1914 estatua, del dios que llamauan
90 1888 1146 2000 vmacatl, hecho de madero: y alli
93 1964 1163 2103 matauan algunos esclauos, la san
87 2036 1174 2162 ze delos quales, dauan agustar
120 2107 1143 2238 aquella estatua, vntandole la
109 2200 490 2343 Ooca conella.
83 2423 1186 2618 El vigessimo sexto edificio, se llama
92 2559 1175 2682 ua, macujlcipactli yteupan: es
88 2609 1162 2742 te era vn gran e, hecho ahon
97 2689 1143 2811 rra de aquel macujlcipactli:
98 2754 1201 2878 aquj matauan captiuos de noche
89 2838 1003 2973 En su mjsmo signo cipactli.
89 3038 1195 3244 El vigessimo septimo edificio, se lla
91 3161 1160 3293 maua tetlanman calmecac: exa
96 3242 1162 3368 vn monesterio, que se llamaua
101 3320 1160 3428 tetlanma: enel morauan satra
87 3386 1178 3528 pas, y mjnistros del eu, dedicado
100 3468 1176 3610 ala diosa chantico: alli serujan
106 3568 696 3688 de no che y de dia.
98 3703 1181 3896 El vigessimo octavo edificio, se lla
112 3837 1205 3961 maua, Iztac cinteutl iteupan este
118 3912 1217 4027 era vn eu, dedicado ala diosa, llama
1458 20 1976 198 del templo.
2325 54 2572 203 fo. l13.
1230 246 2121 409 Vitznaoac calmecac.
1179 434 2392 623 Invitznaoac calmecac: vncan o
1201 548 2401 723 noca in tlamaceuhquj, in tlena
1196 673 2483 813 macac: in ontlenamacaia, in on
1195 764 2428 920 tletemaia in teucalli icpac: inj
1204 858 2408 1025 toca catca vitznaoac: çan mu
1209 978 2362 1156 muztlae in juh muchioaia.
1244 1099 2252 1311 Occecnj quauhxicalco.
1201 1300 2450 1515 Inquauhxicalco: vncan qujtla
1221 1426 2503 1597 liaia, vncan qujzcaltiaia in tzum
1220 1536 2422 1748 pantli yiollo: injtoca catca v
1222 1611 2469 1813 macatl, quavitl tlaxixintli, tla
1224 1748 2397 1930 caietiuh in vmacatl: auh in
1235 1865 2438 2031 muchioaia in qujzcaltiaia ma
1232 1980 2438 2157 tlacpovaltica vmeitica: ipan in
1235 2068 2253 2268 cemjlhujtonalli vmacatl:
1260 2304 2404 2527 Nacujlcipactli yteupan.
1676 2435 1799 2565 cecs
1241 2536 2481 2736 In macujlcipactli: iteupan: vn
1259 2674 2503 2839 çan mjcoaia: vncan mjquja ma
1253 2775 2470 2954 malti: çan iooaltica, çan noto
1239 2885 1856 3067 nalpepenaloia.
1280 3041 2302 3255 Tetlanman calmecac
1282 3236 2507 3448 Jntetlanman calmecac: vnean
1283 3339 2498 3549 onoca in tlenamacac, in tlama
1272 3523 1627 3679 ceuhquj.
1277 3685 2481 3874 Jztac cintevtli yteupan.
1254 3862 2479 4054 Jniztac cinteoutl yteupan: yn
