<?xml version="1.0" encoding="UTF-8" standalone="yes"?>
<PcGts xmlns="http://schema.primaresearch.org/PAGE/gts/pagecontent/2013-07-15" xmlns:xsi="http://www.w3.org/2001/XMLSchema-instance" xsi:schemaLocation="http://schema.primaresearch.org/PAGE/gts/pagecontent/2013-07-15 http://schema.primaresearch.org/PAGE/gts/pagecontent/2013-07-15/pagecontent.xsd">
    <Metadata>
        <Creator>prov=University of Rostock/Institute of Mathematics/CITlab|PLANET AI GmbH/Gundram Leifert/gundram.leifert@planet-ai.de:name=Florentine Codex(htr_id=24784)::::v=2.6.6
prov=University of Rostock/Institute of Mathematics/CITlab|PLANET AI GmbH/Tobias Gruening/tobias.gruening@planet-ai.de:name=de.uros.citlab.module.baseline2polygon.B2PSeamMultiOriented:v=2.6.6
prov=University of Rostock/Institute of Mathematics/CITlab|PLANET AI GmbH/Tobias Gruening/tobias.gruening@planet-ai.de:name=/net_tf/LA73_249_0mod360.pb:de.uros.citlab.segmentation.CITlab_LA_ML:v=2.6.6
Transkribus</Creator>
        <Created>2020-06-23T15:23:53.457-07:00</Created>
        <LastChange>2020-06-24T08:10:01.496+02:00</LastChange>
    </Metadata>
    <Page imageFilename="FC_Vol_1_492.png" imageWidth="2528" imageHeight="4126">
        <ReadingOrder>
            <OrderedGroup id="ro_1596736963757" caption="Regions reading order">
                <RegionRefIndexed index="0" regionRef="r1"/>
                <RegionRefIndexed index="1" regionRef="r2"/>
            </OrderedGroup>
        </ReadingOrder>
        <TextRegion orientation="0.0" id="r1" custom="readingOrder {index:0;}">
            <Coords points="137,76 137,3912 2502,3912 2502,76"/>
            <TextLine id="r1l1" custom="readingOrder {index:0;}">
                <Coords points="1087,160 1149,158 1201,183 1231,158 1306,172 1466,146 1546,171 1578,156 1580,41 1495,19 1389,76 1309,19 1236,-1 1139,56 1089,35"/>
                <Baseline points="1095,140 1120,137 1145,135 1170,133 1195,131 1220,131 1245,130 1270,129 1295,130 1320,131 1345,131 1370,132 1395,134 1420,135 1445,136 1470,138 1495,140 1520,142 1545,144 1571,147"/>
                <TextEquiv>
                    <Unicode>Apendiz.</Unicode>
                </TextEquiv>
            </TextLine>
            <TextLine id="r1l2" custom="readingOrder {index:1;}">
                <Coords points="166,334 737,307 1316,360 1316,237 918,248 757,200 468,263 290,218 166,252"/>
                <Baseline points="174,321 230,319 287,315 344,314 400,311 457,309 514,308 570,306 627,306 684,305 741,305 797,305 854,305 911,306 967,306 1024,308 1081,309 1137,311 1194,312 1251,315 1308,317"/>
                <TextEquiv>
                    <Unicode>el vno se llamaua, totectla</Unicode>
                </TextEquiv>
            </TextLine>
            <TextLine id="r1l3" custom="readingOrder {index:2;}">
                <Coords points="1397,346 1733,340 1780,374 1823,335 2073,322 2215,380 2468,292 2466,171 2353,244 2113,234 2053,275 1958,242 1742,259 1692,219 1604,257 1549,222 1395,232"/>
                <Baseline points="1404,329 1456,327 1509,326 1562,326 1615,326 1668,327 1720,327 1773,327 1826,329 1879,329 1932,330 1984,330 2037,330 2090,329 2143,327 2196,326 2248,323 2301,318 2354,314 2407,308 2460,300"/>
                <TextEquiv>
                    <Unicode>tlamacazque in quequetzala</Unicode>
                </TextEquiv>
            </TextLine>
            <TextLine id="r1l4" custom="readingOrder {index:3;}">
                <Coords points="172,437 527,472 846,419 1206,464 1304,440 1303,344 171,376"/>
                <Baseline points="180,432 235,430 291,428 347,426 403,423 459,423 514,420 570,419 626,418 682,417 738,416 793,414 849,414 905,414 961,413 1017,413 1072,413 1128,413 1184,413 1240,414 1296,414"/>
                <TextEquiv>
                    <Unicode>macazquj: el otro tlaloca</Unicode>
                </TextEquiv>
            </TextLine>
            <TextLine id="r1l5" custom="readingOrder {index:4;}">
                <Coords points="1417,498 1492,459 1878,455 1926,487 2220,462 2301,499 2474,467 2459,341 2206,404 2143,374 1416,360"/>
                <Baseline points="1425,450 1477,449 1529,447 1581,446 1633,446 1685,446 1737,446 1789,446 1841,446 1893,446 1945,447 1997,447 2049,447 2101,447 2153,447 2205,446 2257,444 2309,441 2361,439 2413,436 2466,431"/>
                <TextEquiv>
                    <Unicode>ynjc ce totecu tlamacazqui. yn</Unicode>
                </TextEquiv>
            </TextLine>
            <TextLine id="r1l6" custom="readingOrder {index:5;}">
                <Coords points="179,567 552,576 626,536 789,579 860,530 1070,514 1190,561 1241,514 1330,525 1329,454 851,459 801,494 620,444 356,485 259,454 178,495"/>
                <Baseline points="186,546 242,543 299,539 356,536 413,533 470,530 526,528 583,527 640,525 697,524 754,522 810,522 867,521 924,521 981,519 1038,519 1094,519 1151,519 1208,519 1265,518 1322,518"/>
                <TextEquiv>
                    <Unicode>tlamacazquj: que si empre</Unicode>
                </TextEquiv>
            </TextLine>
            <TextLine id="r1l7" custom="readingOrder {index:6;}">
                <Coords points="1399,583 2076,572 2226,647 2286,589 2373,604 2474,563 2474,501 2396,535 2269,489 2219,518 1953,474 1874,502 1752,456 1512,467 1399,514"/>
                <Baseline points="1407,569 1462,567 1518,566 1574,566 1629,566 1685,566 1741,567 1797,569 1852,570 1908,572 1964,573 2020,575 2075,576 2131,576 2187,576 2243,575 2298,573 2354,570 2410,567 2466,561"/>
                <TextEquiv>
                    <Unicode>vme tlaloc tlamacatzqui, oco</Unicode>
                </TextEquiv>
            </TextLine>
            <TextLine id="r1l8" custom="readingOrder {index:7;}">
                <Coords points="185,656 328,688 459,629 663,657 791,626 924,690 1307,680 1305,552 1242,516 1171,570 787,578 626,536 554,575 300,557 184,590"/>
                <Baseline points="192,650 247,645 302,642 357,639 413,636 468,635 523,632 579,630 634,628 689,627 745,626 800,624 855,624 910,623 966,623 1021,623 1076,624 1132,624 1187,626 1242,627 1298,629"/>
                <TextEquiv>
                    <Unicode>elegian los mas perfectos,</Unicode>
                </TextEquiv>
            </TextLine>
            <TextLine id="r1l9" custom="readingOrder {index:8;}">
                <Coords points="1400,689 1642,702 1703,756 1777,695 2086,694 2167,762 2251,765 2479,662 2479,563 2338,645 2170,663 1979,595 1825,617 1739,579 1400,616"/>
                <Baseline points="1407,686 1460,684 1513,683 1566,684 1620,685 1673,687 1726,689 1779,692 1833,694 1886,696 1939,698 1992,699 2046,701 2099,701 2152,699 2205,698 2259,693 2312,688 2365,680 2418,672 2472,662"/>
                <TextEquiv>
                    <Unicode>ca muchipa iehoan qujntlqia</Unicode>
                </TextEquiv>
            </TextLine>
            <TextLine id="r1l10" custom="readingOrder {index:9;}">
                <Coords points="179,768 884,729 1102,734 1221,789 1303,778 1302,679 742,686 627,640 550,701 461,645 419,682 285,658 178,705"/>
                <Baseline points="186,756 241,752 297,746 352,743 408,740 463,738 519,737 574,735 630,734 685,734 741,734 796,734 852,734 907,735 963,735 1018,735 1074,735 1129,734 1185,734 1240,732 1296,731"/>
                <TextEquiv>
                    <Unicode>de todos los que moraua</Unicode>
                </TextEquiv>
            </TextLine>
            <TextLine id="r1l11" custom="readingOrder {index:10;}">
                <Coords points="1391,814 1638,888 2101,865 2232,907 2479,845 2479,663 2345,756 2134,784 2008,740 1913,760 1838,709 1736,760 1644,703 1563,756 1449,729 1391,759"/>
                <Baseline points="1398,815 1451,812 1505,812 1559,812 1612,813 1666,815 1720,818 1773,821 1827,825 1881,827 1935,830 1988,832 2042,833 2096,833 2149,831 2203,830 2257,824 2310,817 2364,809 2418,798 2472,783"/>
                <TextEquiv>
                    <Unicode>in vel ixtlamatque muzcalca</Unicode>
                </TextEquiv>
            </TextLine>
            <TextLine id="r1l12" custom="readingOrder {index:11;}">
                <Coords points="170,876 260,870 297,895 345,865 434,864 492,892 559,855 667,863 661,744 628,746 543,802 438,790 395,764 283,815 166,820"/>
                <Baseline points="177,872 202,869 227,867 253,864 278,863 303,861 329,859 354,857 379,855 405,854 430,854 456,851 481,851 506,850 532,848 557,846 582,845 608,843 633,843 659,842"/>
                <TextEquiv>
                    <Unicode>enel templo.</Unicode>
                </TextEquiv>
            </TextLine>
            <TextLine id="r1l13" custom="readingOrder {index:12;}">
                <Coords points="166,1022 256,1009 341,1053 397,1004 517,993 758,1055 843,1003 1017,987 1316,1033 1315,931 1256,921 461,948 253,869 165,908"/>
                <Baseline points="174,1008 230,1005 287,1002 344,999 400,998 457,995 514,995 570,993 627,993 684,993 741,993 797,993 854,993 911,993 967,993 1024,992 1081,992 1137,990 1194,990 1251,988 1308,986"/>
                <TextEquiv>
                    <Unicode>El que era perfecto en todas</Unicode>
                </TextEquiv>
            </TextLine>
            <TextLine id="r1l14" custom="readingOrder {index:13;}">
                <Coords points="1393,1010 1640,1010 1751,1058 1959,1014 2199,1093 2486,992 2487,911 2341,948 2125,905 1851,952 1509,844 1394,897"/>
                <Baseline points="1401,996 1454,996 1508,996 1562,998 1616,999 1670,1002 1724,1005 1777,1008 1831,1011 1885,1014 1939,1017 1993,1019 2047,1020 2101,1022 2154,1020 2208,1019 2262,1016 2316,1011 2370,1006 2424,997 2478,987"/>
                <TextEquiv>
                    <Unicode>uhin qqujn vel qujmonest</Unicode>
                </TextEquiv>
            </TextLine>
            <TextLine id="r1l15" custom="readingOrder {index:14;}">
                <Coords points="177,1140 683,1107 738,1068 803,1128 982,1097 1327,1155 1315,1032 731,1053 501,996 339,1070 279,1021 177,1024"/>
                <Baseline points="185,1115 241,1110 298,1107 355,1104 412,1100 468,1098 525,1097 582,1095 639,1094 695,1094 752,1094 809,1094 866,1094 922,1095 979,1095 1036,1097 1093,1098 1149,1100 1206,1101 1263,1103 1320,1106"/>
                <TextEquiv>
                    <Unicode>las costumbres, y exercicios ydo</Unicode>
                </TextEquiv>
            </TextLine>
            <TextLine id="r1l16" custom="readingOrder {index:15;}">
                <Coords points="1395,1139 1529,1132 1616,1192 1947,1134 2151,1198 2370,1194 2472,1171 2475,1027 2372,1087 2145,1099 1835,1089 1646,1014 1396,1048"/>
                <Baseline points="1403,1119 1456,1121 1509,1122 1562,1124 1615,1127 1668,1130 1721,1132 1775,1136 1828,1138 1881,1140 1934,1143 1987,1145 2040,1146 2093,1146 2147,1146 2200,1145 2253,1143 2306,1140 2359,1135 2412,1128 2466,1121"/>
                <TextEquiv>
                    <Unicode>litztia y, yoan in occequj injl</Unicode>
                </TextEquiv>
            </TextLine>
            <TextLine id="r1l17" custom="readingOrder {index:16;}">
                <Coords points="173,1227 1302,1202 1301,1145 1048,1112 705,1148 600,1088 479,1160 172,1140"/>
                <Baseline points="180,1220 235,1214 291,1210 347,1205 403,1202 458,1199 514,1197 570,1196 626,1194 681,1193 737,1193 793,1193 849,1193 904,1193 960,1193 1016,1194 1072,1194 1127,1194 1183,1194 1239,1194 1295,1194"/>
                <TextEquiv>
                    <Unicode>trinas, que vsauan los mjnis</Unicode>
                </TextEquiv>
            </TextLine>
            <TextLine id="r1l18" custom="readingOrder {index:17;}">
                <Coords points="1401,1264 1558,1310 1835,1281 2187,1333 2466,1250 2468,1172 2270,1221 2053,1185 1869,1219 1650,1168 1403,1196"/>
                <Baseline points="1409,1247 1461,1247 1514,1247 1566,1248 1619,1250 1671,1253 1724,1256 1776,1259 1829,1262 1881,1265 1934,1268 1986,1271 2039,1272 2091,1274 2144,1274 2196,1272 2249,1271 2301,1267 2354,1262 2406,1256 2459,1247"/>
                <TextEquiv>
                    <Unicode>naoatil tlamacaoque, yn jntle</Unicode>
                </TextEquiv>
            </TextLine>
            <TextLine id="r1l19" custom="readingOrder {index:18;}">
                <Coords points="161,1324 476,1301 572,1334 802,1292 889,1351 992,1301 1155,1336 1318,1295 1317,1192 809,1246 682,1205 631,1242 372,1224 160,1267"/>
                <Baseline points="168,1316 225,1309 282,1304 339,1299 396,1296 453,1293 510,1291 567,1290 624,1289 681,1289 739,1289 796,1290 853,1290 910,1292 967,1292 1024,1292 1081,1293 1138,1293 1195,1292 1252,1291 1310,1289"/>
                <TextEquiv>
                    <Unicode>tros de los ydolos, elegianle por</Unicode>
                </TextEquiv>
            </TextLine>
            <TextLine id="r1l20" custom="readingOrder {index:19;}">
                <Coords points="1391,1390 2348,1447 2476,1422 2467,1297 2399,1334 2349,1285 2255,1352 2209,1323 2028,1373 1836,1281 1778,1327 1669,1284 1542,1334 1393,1262"/>
                <Baseline points="1398,1380 1451,1380 1505,1382 1558,1384 1612,1386 1665,1389 1719,1391 1772,1394 1826,1396 1879,1399 1933,1401 1987,1403 2040,1404 2094,1404 2147,1404 2201,1403 2254,1402 2308,1398 2361,1395 2415,1389 2469,1383"/>
                <TextEquiv>
                    <Unicode>liz, iehoatl ano, iehoatl pess</Unicode>
                </TextEquiv>
            </TextLine>
            <TextLine id="r1l21" custom="readingOrder {index:20;}">
                <Coords points="160,1436 317,1409 558,1456 840,1405 952,1442 1018,1400 1268,1445 1376,1421 1376,1334 160,1343"/>
                <Baseline points="168,1412 228,1407 288,1403 348,1400 408,1398 468,1397 528,1397 588,1395 648,1397 708,1397 768,1398 828,1398 888,1400 948,1401 1008,1401 1068,1401 1128,1401 1188,1401 1248,1400 1308,1398 1368,1395"/>
                <TextEquiv>
                    <Unicode>summo pontifice: al qual elagiā</Unicode>
                </TextEquiv>
            </TextLine>
            <TextLine id="r1l22" custom="readingOrder {index:21;}">
                <Coords points="162,1540 298,1556 396,1505 721,1565 1051,1508 1161,1548 1327,1517 1310,1437 702,1474 480,1444 409,1475 271,1439 162,1471"/>
                <Baseline points="170,1514 227,1512 284,1512 342,1512 399,1511 457,1511 514,1511 572,1511 629,1511 687,1511 744,1511 801,1511 859,1510 916,1509 974,1509 1031,1508 1089,1507 1146,1505 1204,1504 1261,1501 1319,1499"/>
                <TextEquiv>
                    <Unicode>el rey o señor, y todos los prin</Unicode>
                </TextEquiv>
            </TextLine>
            <TextLine id="r1l23" custom="readingOrder {index:22;}">
                <Coords points="1395,1517 1745,1518 1804,1570 1938,1551 1983,1587 2142,1541 2187,1571 2408,1554 2462,1533 2464,1452 1950,1469 1552,1408 1397,1457"/>
                <Baseline points="1403,1502 1455,1502 1508,1503 1560,1505 1613,1506 1666,1508 1718,1511 1771,1513 1824,1515 1876,1518 1929,1520 1982,1523 2034,1524 2087,1526 2140,1527 2192,1527 2245,1526 2298,1526 2350,1523 2403,1520 2456,1515"/>
                <TextEquiv>
                    <Unicode>nalo, in teupixqui muchioa,</Unicode>
                </TextEquiv>
            </TextLine>
            <TextLine id="r1l24" custom="readingOrder {index:23;}">
                <Coords points="155,1676 324,1660 400,1607 535,1678 868,1654 927,1613 1043,1667 1313,1649 1336,1538 1029,1524 740,1567 571,1529 461,1567 379,1532 153,1594"/>
                <Baseline points="161,1616 219,1614 277,1613 336,1612 394,1611 453,1610 511,1610 569,1608 628,1608 686,1607 745,1607 803,1607 861,1605 920,1605 978,1604 1037,1603 1095,1602 1153,1601 1212,1599 1270,1598 1329,1596"/>
                <TextEquiv>
                    <Unicode>cipales: y llamauanle buetzal</Unicode>
                </TextEquiv>
            </TextLine>
            <TextLine id="r1l25" custom="readingOrder {index:24;}">
                <Coords points="1405,1695 1490,1660 1614,1692 1674,1647 2385,1683 2476,1645 2479,1541 2191,1584 2042,1553 1871,1620 1515,1532 1409,1569"/>
                <Baseline points="1415,1635 1467,1635 1520,1637 1572,1638 1625,1641 1678,1643 1730,1647 1783,1649 1836,1652 1888,1655 1941,1657 1994,1659 2046,1662 2099,1663 2152,1664 2204,1664 2257,1664 2310,1662 2362,1661 2415,1656 2468,1652"/>
                <TextEquiv>
                    <Unicode>quipepena in tlatoanj yoā lla</Unicode>
                </TextEquiv>
            </TextLine>
            <TextLine id="r1l26" custom="readingOrder {index:25;}">
                <Coords points="166,1738 418,1757 462,1720 822,1714 956,1766 1044,1720 1316,1713 1315,1664 984,1689 903,1626 842,1669 774,1641 724,1675 393,1681 350,1651 165,1694"/>
                <Baseline points="173,1725 229,1723 286,1722 343,1721 400,1719 456,1719 513,1718 570,1718 627,1718 683,1716 740,1716 797,1715 854,1715 910,1715 967,1713 1024,1713 1081,1712 1137,1710 1194,1710 1251,1708 1308,1706"/>
                <TextEquiv>
                    <Unicode>coatl: y eran dos los que eran</Unicode>
                </TextEquiv>
            </TextLine>
            <TextLine id="r1l27" custom="readingOrder {index:26;}">
                <Coords points="1405,1795 1661,1848 2386,1833 2483,1800 2485,1682 2406,1731 2129,1756 1705,1741 1497,1669 1406,1707"/>
                <Baseline points="1413,1781 1466,1781 1519,1781 1572,1782 1625,1785 1678,1787 1731,1790 1784,1794 1837,1797 1890,1800 1944,1803 1997,1806 2050,1808 2103,1808 2156,1808 2209,1807 2262,1805 2315,1801 2368,1795 2421,1789 2475,1779"/>
                <TextEquiv>
                    <Unicode>tlatoque, yoan muchintin ila</Unicode>
                </TextEquiv>
            </TextLine>
            <TextLine id="r1l28" custom="readingOrder {index:27;}">
                <Coords points="156,1874 210,1836 1313,1841 1322,1712 1055,1724 986,1769 883,1722 547,1731 425,1795 289,1797 229,1754 155,1798"/>
                <Baseline points="164,1838 221,1836 279,1836 336,1835 394,1834 452,1833 509,1832 567,1830 624,1829 682,1829 740,1827 797,1826 855,1825 912,1824 970,1823 1028,1823 1085,1821 1143,1821 1200,1820 1258,1820 1316,1820"/>
                <TextEquiv>
                    <Unicode>sum mos sacerdotes, el vno se</Unicode>
                </TextEquiv>
            </TextLine>
            <TextLine id="r1l29" custom="readingOrder {index:28;}">
                <Coords points="157,1961 998,1916 1247,1957 1318,1933 1315,1840 889,1830 668,1873 350,1843 154,1880"/>
                <Baseline points="164,1944 221,1943 278,1940 335,1938 393,1936 450,1934 507,1930 565,1928 622,1925 679,1923 737,1920 794,1919 851,1917 908,1916 966,1914 1023,1913 1080,1913 1138,1913 1195,1914 1252,1916 1310,1917"/>
                <TextEquiv>
                    <Unicode>llamaua, totec tlamacazquj,</Unicode>
                </TextEquiv>
            </TextLine>
            <TextLine id="r1l30" custom="readingOrder {index:29;}">
                <Coords points="1390,1940 1483,1974 1572,1926 1748,1979 1809,1939 2304,1993 2476,1913 2478,1813 2323,1838 2255,1892 2207,1856 2031,1870 1886,1832 1570,1860 1489,1809 1392,1844"/>
                <Baseline points="1398,1919 1451,1917 1505,1917 1558,1919 1612,1922 1665,1923 1719,1928 1772,1931 1826,1934 1879,1937 1933,1940 1987,1943 2040,1945 2094,1946 2147,1946 2201,1944 2254,1942 2308,1938 2361,1932 2415,1925 2469,1914"/>
                <TextEquiv>
                    <Unicode>toque, qujtlatocaiotia. Quelzca</Unicode>
                </TextEquiv>
            </TextLine>
            <TextLine id="r1l31" custom="readingOrder {index:30;}">
                <Coords points="158,2097 478,2012 539,2044 1242,2029 1322,2066 1328,1941 728,1983 682,1939 608,1979 390,1934 155,1998"/>
                <Baseline points="164,2049 225,2046 286,2042 347,2038 408,2036 469,2031 530,2029 591,2026 652,2024 713,2021 774,2019 835,2017 896,2016 957,2015 1018,2015 1079,2015 1140,2015 1201,2016 1262,2017 1323,2019"/>
                <TextEquiv>
                    <Unicode>y el otro se llamaua tlaloc, tla</Unicode>
                </TextEquiv>
            </TextLine>
            <TextLine id="r1l32" custom="readingOrder {index:31;}">
                <Coords points="1391,2083 1584,2053 1739,2101 1948,2073 2055,2154 2210,2157 2322,2092 2473,2077 2477,1972 1759,1991 1551,1944 1394,1990"/>
                <Baseline points="1400,2046 1453,2046 1506,2048 1559,2050 1613,2052 1666,2057 1719,2061 1772,2065 1826,2070 1879,2075 1932,2080 1985,2083 2039,2086 2092,2088 2145,2090 2198,2090 2252,2087 2305,2084 2358,2078 2411,2071 2465,2060"/>
                <TextEquiv>
                    <Unicode>coatl: vmentin, in quetzalcola</Unicode>
                </TextEquiv>
            </TextLine>
            <TextLine id="r1l33" custom="readingOrder {index:32;}">
                <Coords points="158,2165 1326,2171 1330,2067 1141,2033 911,2084 790,2044 603,2074 529,2038 156,2097"/>
                <Baseline points="165,2148 222,2143 280,2139 338,2135 396,2132 454,2129 512,2126 570,2124 628,2123 686,2121 744,2120 801,2120 859,2119 917,2118 975,2118 1033,2118 1091,2118 1149,2118 1207,2118 1265,2118 1323,2118"/>
                <TextEquiv>
                    <Unicode>macazquj. Jel que se llamaua</Unicode>
                </TextEquiv>
            </TextLine>
            <TextLine id="r1l34" custom="readingOrder {index:33;}">
                <Coords points="1383,2181 1684,2171 1801,2254 2073,2236 2221,2248 2254,2285 2463,2232 2460,2128 2253,2172 2035,2161 1983,2109 1908,2149 1767,2113 1689,2142 1389,2083"/>
                <Baseline points="1391,2174 1444,2174 1497,2175 1550,2178 1604,2181 1657,2186 1710,2191 1763,2196 1817,2201 1870,2206 1923,2211 1976,2216 2030,2219 2083,2223 2136,2226 2189,2228 2243,2228 2296,2226 2349,2224 2402,2220 2456,2214"/>
                <TextEquiv>
                    <Unicode>ceitoca, totec tlamacazqui, cca</Unicode>
                </TextEquiv>
            </TextLine>
            <TextLine id="r1l35" custom="readingOrder {index:34;}">
                <Coords points="149,2308 419,2298 505,2233 1294,2243 1291,2165 313,2167 146,2237"/>
                <Baseline points="155,2267 211,2260 268,2254 324,2248 381,2244 437,2239 494,2236 550,2232 607,2229 663,2227 720,2225 777,2223 833,2222 890,2220 946,2220 1003,2220 1059,2220 1116,2220 1172,2220 1229,2220 1286,2222"/>
                <TextEquiv>
                    <Unicode>quetzalcoatl: totec tlamacaz</Unicode>
                </TextEquiv>
            </TextLine>
            <TextLine id="r1l36" custom="readingOrder {index:35;}">
                <Coords points="148,2398 333,2349 497,2403 558,2349 881,2342 916,2307 959,2345 1267,2344 1307,2336 1304,2250 1205,2226 1124,2286 849,2221 643,2319 520,2288 340,2334 145,2311"/>
                <Baseline points="155,2361 212,2360 269,2358 326,2355 383,2353 441,2350 498,2348 555,2345 612,2342 669,2339 727,2336 784,2333 841,2330 898,2328 955,2327 1013,2325 1070,2324 1127,2324 1184,2324 1241,2324 1299,2325"/>
                <TextEquiv>
                    <Unicode>quj, seruja al dias vitzilobuch,</Unicode>
                </TextEquiv>
            </TextLine>
            <TextLine id="r1l37" custom="readingOrder {index:36;}">
                <Coords points="1383,2323 1641,2369 1838,2352 1906,2404 1963,2365 2250,2387 2452,2342 2456,2228 2397,2227 2309,2297 2221,2249 2153,2290 1775,2292 1621,2219 1552,2266 1385,2269"/>
                <Baseline points="1391,2318 1443,2319 1496,2321 1548,2322 1601,2326 1654,2330 1706,2335 1759,2339 1812,2344 1864,2348 1917,2353 1970,2356 2022,2359 2075,2361 2128,2361 2180,2361 2233,2359 2286,2356 2338,2350 2391,2342 2444,2333"/>
                <TextEquiv>
                    <Unicode>ca tlaloc, in quetzalcoatl tia</Unicode>
                </TextEquiv>
            </TextLine>
            <TextLine id="r1l38" custom="readingOrder {index:37;}">
                <Coords points="151,2462 267,2435 361,2488 528,2454 726,2497 794,2452 1352,2434 1349,2367 1283,2339 897,2331 722,2403 571,2347 487,2413 149,2414"/>
                <Baseline points="158,2459 217,2457 276,2457 335,2456 395,2454 454,2451 513,2450 573,2447 632,2445 691,2443 751,2441 810,2438 869,2435 928,2432 988,2429 1047,2426 1106,2423 1166,2421 1225,2418 1284,2415 1344,2412"/>
                <TextEquiv>
                    <Unicode>tli: y el otro que se llamaua</Unicode>
                </TextEquiv>
            </TextLine>
            <TextLine id="r1l39" custom="readingOrder {index:38;}">
                <Coords points="1384,2487 1615,2474 1717,2491 1763,2540 1900,2492 2032,2511 2080,2557 2140,2509 2442,2490 2447,2348 2266,2418 1480,2354 1387,2397"/>
                <Baseline points="1392,2469 1444,2467 1496,2466 1548,2466 1600,2468 1653,2472 1705,2476 1757,2480 1809,2485 1861,2490 1914,2494 1966,2499 2018,2502 2070,2504 2122,2505 2175,2504 2227,2502 2279,2497 2331,2491 2383,2481 2436,2469"/>
                <TextEquiv>
                    <Unicode>tlamacatzqui itechpovia in</Unicode>
                </TextEquiv>
            </TextLine>
            <TextLine id="r1l40" custom="readingOrder {index:39;}">
                <Coords points="166,2611 404,2569 613,2607 664,2573 755,2613 966,2559 1300,2571 1312,2459 1000,2442 812,2512 556,2462 434,2535 274,2504 163,2551"/>
                <Baseline points="173,2594 229,2588 286,2583 343,2577 399,2573 456,2570 513,2567 569,2564 626,2562 683,2561 740,2559 796,2558 853,2556 910,2555 966,2553 1023,2552 1080,2549 1136,2547 1193,2544 1250,2540 1307,2535"/>
                <TextEquiv>
                    <Unicode>tlaloc tlamacazquj, serujācu</Unicode>
                </TextEquiv>
            </TextLine>
            <TextLine id="r1l41" custom="readingOrder {index:40;}">
                <Coords points="1383,2658 1783,2641 2243,2693 2438,2621 2440,2534 2335,2583 2057,2539 1912,2560 1607,2474 1387,2510"/>
                <Baseline points="1392,2625 1443,2621 1495,2619 1547,2618 1599,2618 1651,2619 1703,2621 1755,2625 1807,2628 1859,2633 1911,2636 1962,2639 2014,2642 2066,2645 2118,2645 2170,2645 2222,2644 2274,2641 2326,2635 2378,2629 2430,2618"/>
                <TextEquiv>
                    <Unicode>tzilobuchtli, in tlaloc itec tzo</Unicode>
                </TextEquiv>
            </TextLine>
            <TextLine id="r1l42" custom="readingOrder {index:41;}">
                <Coords points="157,2710 859,2670 1018,2676 1076,2724 1149,2664 1306,2665 1304,2584 154,2613"/>
                <Baseline points="164,2699 220,2693 277,2687 334,2682 390,2678 447,2675 504,2672 560,2670 617,2667 674,2666 731,2664 787,2663 844,2663 901,2661 957,2660 1014,2658 1071,2658 1127,2656 1184,2654 1241,2651 1298,2649"/>
                <TextEquiv>
                    <Unicode>dios, tlalo can tecutli, que e</Unicode>
                </TextEquiv>
            </TextLine>
            <TextLine id="r1l43" custom="readingOrder {index:42;}">
                <Coords points="1390,2771 1892,2773 2227,2838 2425,2766 2429,2634 2259,2717 2204,2684 2065,2718 1991,2667 1648,2680 1587,2642 1394,2665"/>
                <Baseline points="1398,2756 1449,2754 1500,2754 1551,2755 1602,2757 1653,2759 1704,2762 1755,2765 1806,2768 1857,2771 1908,2775 1959,2778 2010,2781 2061,2783 2112,2784 2163,2784 2214,2783 2265,2781 2316,2776 2367,2771 2418,2763"/>
                <TextEquiv>
                    <Unicode>in tlalocan tecutli, yn qujiata</Unicode>
                </TextEquiv>
            </TextLine>
            <TextLine id="r1l44" custom="readingOrder {index:43;}">
                <Coords points="158,2832 411,2801 519,2832 833,2798 1319,2819 1313,2675 1278,2661 1155,2667 1067,2732 988,2679 709,2673 482,2747 386,2707 155,2751"/>
                <Baseline points="165,2805 222,2799 279,2792 336,2787 393,2784 450,2779 507,2776 565,2774 622,2771 679,2768 736,2766 793,2765 850,2763 907,2761 965,2759 1022,2757 1079,2756 1136,2754 1193,2751 1250,2749 1308,2745"/>
                <TextEquiv>
                    <Unicode>ra dios de las lluujas. Jestos</Unicode>
                </TextEquiv>
            </TextLine>
            <TextLine id="r1l45" custom="readingOrder {index:44;}">
                <Coords points="167,2929 552,2923 654,2876 748,2913 873,2874 1009,2913 1353,2909 1350,2815 1118,2806 672,2806 386,2855 255,2820 165,2866"/>
                <Baseline points="174,2909 232,2902 291,2896 349,2890 408,2884 466,2880 525,2877 583,2875 642,2873 700,2871 759,2870 817,2868 876,2867 934,2867 993,2865 1051,2865 1110,2865 1168,2864 1227,2864 1285,2862 1344,2861"/>
                <TextEquiv>
                    <Unicode>dos sumos pontifices, eran ygua</Unicode>
                </TextEquiv>
            </TextLine>
            <TextLine id="r1l46" custom="readingOrder {index:45;}">
                <Coords points="2391,2906 2399,2905 2406,2898 2427,2907 2442,2904 2433,2803 2412,2804 2408,2809 2394,2799 2382,2803"/>
                <Baseline points="2397,2885 2433,2882"/>
                <TextEquiv>
                    <Unicode>itl</Unicode>
                </TextEquiv>
            </TextLine>
            <TextLine id="r1l47" custom="readingOrder {index:46;}">
                <Coords points="1400,2949 1455,2911 1656,2981 1886,2985 2063,2914 2358,2969 2421,2946 2422,2897 2280,2806 2227,2838 2044,2817 1813,2888 1611,2771 1403,2817"/>
                <Baseline points="1409,2889 1459,2893 1509,2898 1559,2902 1610,2906 1660,2909 1710,2912 1760,2915 1811,2916 1861,2918 1911,2919 1961,2920 2012,2921 2062,2920 2112,2919 2162,2918 2213,2916 2263,2915 2313,2912 2363,2909 2414,2906"/>
                <TextEquiv>
                    <Unicode>ynque y, çan velneneuln</Unicode>
                </TextEquiv>
            </TextLine>
            <TextLine id="r1l48" custom="readingOrder {index:47;}">
                <Coords points="148,3020 300,2986 408,3015 497,2974 806,3016 1306,2960 1304,2912 1009,2923 956,2892 785,2940 609,2892 556,2938 479,2901 284,2958 219,2927 147,2975"/>
                <Baseline points="156,3008 213,3001 270,2995 327,2988 384,2984 441,2981 498,2979 555,2977 612,2975 669,2974 727,2973 784,2972 841,2972 898,2970 955,2969 1012,2967 1069,2966 1126,2964 1183,2960 1240,2956 1298,2951"/>
                <TextEquiv>
                    <Unicode>les enel estado, y honrra: au</Unicode>
                </TextEquiv>
            </TextLine>
            <TextLine id="r1l49" custom="readingOrder {index:48;}">
                <Coords points="1378,3036 1552,3085 2201,3113 2472,3067 2475,2939 2292,3016 2162,2953 2032,3001 1946,2951 1813,3000 1704,2966 1621,2988 1538,2935 1379,2977"/>
                <Baseline points="1386,3036 1440,3038 1494,3038 1548,3041 1602,3042 1656,3045 1710,3048 1764,3051 1818,3055 1872,3057 1926,3060 1980,3062 2034,3063 2088,3065 2142,3065 2196,3063 2250,3060 2304,3057 2358,3052 2412,3045 2466,3038"/>
                <TextEquiv>
                    <Unicode>auh in manel motolinja, inlic</Unicode>
                </TextEquiv>
            </TextLine>
            <TextLine id="r1l50" custom="readingOrder {index:49;}">
                <Coords points="146,3139 442,3135 516,3076 644,3066 916,3107 1032,3055 1109,3094 1188,3049 1318,3070 1319,2964 870,2987 831,3027 712,2981 141,3017"/>
                <Baseline points="152,3102 210,3096 268,3092 326,3087 384,3083 442,3080 500,3077 558,3074 616,3072 674,3071 733,3068 791,3066 849,3065 907,3063 965,3062 1023,3060 1081,3059 1139,3056 1197,3054 1255,3051 1314,3048"/>
                <TextEquiv>
                    <Unicode>que fuessen, de muy baxa su</Unicode>
                </TextEquiv>
            </TextLine>
            <TextLine id="r1l51" custom="readingOrder {index:50;}">
                <Coords points="148,3211 300,3203 394,3252 733,3186 999,3206 1094,3147 1304,3167 1299,3082 1173,3063 1092,3112 145,3139"/>
                <Baseline points="155,3203 212,3201 269,3198 326,3197 383,3194 440,3191 497,3189 554,3186 611,3182 668,3179 725,3176 782,3173 839,3170 896,3167 953,3164 1010,3160 1067,3157 1124,3155 1181,3152 1238,3149 1295,3146"/>
                <TextEquiv>
                    <Unicode>erte, y de padres muy baxos</Unicode>
                </TextEquiv>
            </TextLine>
            <TextLine id="r1l52" custom="readingOrder {index:51;}">
                <Coords points="1370,3207 1686,3224 1910,3180 2120,3239 2255,3218 2310,3270 2485,3179 2486,3093 2379,3139 2312,3093 2213,3144 2013,3145 1904,3082 1816,3125 1752,3079 1687,3119 1541,3080 1371,3122"/>
                <Baseline points="1377,3188 1432,3186 1487,3186 1542,3186 1597,3188 1652,3189 1707,3192 1762,3195 1817,3198 1872,3201 1927,3203 1982,3206 2037,3207 2092,3207 2147,3207 2202,3207 2257,3204 2312,3200 2367,3194 2422,3186 2478,3177"/>
                <TextEquiv>
                    <Unicode>nel ic notlaçatl, in manel quiza</Unicode>
                </TextEquiv>
            </TextLine>
            <TextLine id="r1l53" custom="readingOrder {index:52;}">
                <Coords points="151,3358 342,3307 1299,3280 1263,3189 145,3250"/>
                <Baseline points="156,3314 212,3309 269,3305 325,3302 382,3297 439,3294 495,3291 552,3288 609,3284 665,3281 722,3278 779,3275 835,3272 892,3269 949,3267 1005,3263 1062,3261 1119,3258 1175,3256 1232,3253 1289,3249"/>
                <TextEquiv>
                    <Unicode>y pobres. Mas la razon, por</Unicode>
                </TextEquiv>
            </TextLine>
            <TextLine id="r1l54" custom="readingOrder {index:53;}">
                <Coords points="1375,3340 1583,3386 2186,3371 2239,3406 2494,3300 2474,3205 2294,3299 2135,3236 1944,3293 1882,3243 1767,3299 1375,3257"/>
                <Baseline points="1383,3333 1438,3335 1493,3338 1548,3341 1603,3343 1658,3347 1713,3349 1769,3353 1824,3354 1879,3357 1934,3359 1989,3360 2044,3359 2099,3359 2155,3357 2210,3352 2265,3348 2320,3342 2375,3333 2430,3323 2486,3311"/>
                <TextEquiv>
                    <Unicode>tzacuj icnotlacatzintli, yn alzlia</Unicode>
                </TextEquiv>
            </TextLine>
            <TextLine id="r1l55" custom="readingOrder {index:54;}">
                <Coords points="156,3470 246,3431 391,3462 1001,3383 1301,3403 1300,3296 806,3306 684,3359 405,3318 152,3385"/>
                <Baseline points="161,3413 217,3410 274,3404 331,3401 388,3398 444,3395 501,3392 558,3389 615,3387 671,3386 728,3383 785,3381 842,3378 898,3375 955,3374 1012,3370 1069,3368 1125,3363 1182,3360 1239,3356 1296,3351"/>
                <TextEquiv>
                    <Unicode>que elegian, aestos tales, por</Unicode>
                </TextEquiv>
            </TextLine>
            <TextLine id="r1l56" custom="readingOrder {index:55;}">
                <Coords points="2498,3472 2504,3466 2508,3438 2512,3435 2518,3435 2518,3427 2523,3421 2491,3390 2486,3395 2485,3413 2477,3421 2470,3421 2468,3430 2462,3436"/>
                <Baseline points="2475,3438 2502,3411"/>
                <TextEquiv>
                    <Unicode>b</Unicode>
                </TextEquiv>
            </TextLine>
            <TextLine id="r1l57" custom="readingOrder {index:56;}">
                <Coords points="1376,3528 1666,3458 1721,3505 1922,3492 2072,3557 2170,3501 2408,3485 2491,3423 2490,3350 2387,3397 2304,3376 2230,3437 2118,3385 1986,3437 1872,3381 1732,3433 1570,3392 1374,3432"/>
                <Baseline points="1382,3476 1437,3474 1492,3476 1547,3477 1602,3479 1657,3482 1712,3485 1767,3488 1822,3491 1877,3492 1933,3495 1988,3495 2043,3495 2098,3493 2153,3490 2208,3485 2263,3479 2318,3469 2373,3458 2428,3444 2484,3425"/>
                <TextEquiv>
                    <Unicode>ytatzin, in tlaie velquichioa, ya</Unicode>
                </TextEquiv>
            </TextLine>
            <TextLine id="r1l58" custom="readingOrder {index:57;}">
                <Coords points="144,3572 300,3520 415,3558 473,3521 575,3548 861,3489 981,3538 1048,3483 1141,3527 1279,3521 1273,3408 780,3448 660,3412 558,3455 139,3486"/>
                <Baseline points="149,3528 207,3523 266,3517 325,3513 384,3509 443,3504 502,3501 561,3498 620,3495 679,3493 737,3490 796,3488 855,3485 914,3482 973,3480 1032,3477 1091,3473 1150,3471 1209,3467 1268,3462"/>
                <TextEquiv>
                    <Unicode>sumos pontifices, era: porque</Unicode>
                </TextEquiv>
            </TextLine>
            <TextLine id="r1l59" custom="readingOrder {index:58;}">
                <Coords points="131,3672 536,3602 706,3654 846,3599 983,3639 1044,3585 1319,3589 1316,3524 295,3543 128,3601"/>
                <Baseline points="137,3642 195,3635 254,3628 312,3622 371,3616 430,3612 488,3609 547,3606 606,3603 664,3602 723,3599 782,3597 840,3596 899,3594 958,3593 1016,3590 1075,3588 1134,3584 1192,3582 1251,3577 1310,3572"/>
                <TextEquiv>
                    <Unicode>fielmente cumplian, y hazian</Unicode>
                </TextEquiv>
            </TextLine>
            <TextLine id="r1l60" custom="readingOrder {index:59;}">
                <Coords points="1379,3638 1768,3685 1983,3640 2063,3685 2280,3680 2510,3586 2507,3475 2410,3545 2238,3499 2103,3576 1748,3577 1639,3514 1495,3574 1377,3566"/>
                <Baseline points="1386,3624 1441,3624 1497,3624 1553,3625 1609,3627 1665,3629 1720,3632 1776,3635 1832,3636 1888,3639 1944,3640 1999,3641 2055,3639 2111,3638 2167,3634 2223,3629 2278,3622 2334,3613 2390,3601 2446,3585 2502,3569"/>
                <TextEquiv>
                    <Unicode>nemilitz, yn jnnaoatil, tlamosa</Unicode>
                </TextEquiv>
            </TextLine>
            <TextLine id="r1l61" custom="readingOrder {index:60;}">
                <Coords points="142,3744 913,3693 973,3728 1153,3722 1292,3669 1252,3627 950,3665 813,3614 741,3655 602,3621 525,3668 429,3630 379,3680 139,3672"/>
                <Baseline points="150,3732 206,3727 263,3721 320,3716 376,3711 433,3708 490,3704 546,3702 603,3699 660,3697 717,3695 773,3693 830,3692 887,3690 943,3689 1000,3687 1057,3686 1113,3684 1170,3682 1227,3680 1284,3678"/>
                <TextEquiv>
                    <Unicode>todas las costumbres, y exerci</Unicode>
                </TextEquiv>
            </TextLine>
            <TextLine id="r1l62" custom="readingOrder {index:61;}">
                <Coords points="1389,3789 1958,3789 2047,3756 2119,3807 2360,3781 2497,3703 2495,3621 2401,3618 2299,3699 2230,3667 2177,3715 1991,3700 1900,3649 1616,3712 1387,3678"/>
                <Baseline points="1395,3753 1449,3751 1504,3750 1559,3750 1614,3752 1668,3753 1723,3756 1778,3759 1833,3762 1887,3763 1942,3765 1997,3765 2052,3765 2106,3765 2161,3762 2216,3759 2271,3752 2325,3744 2380,3733 2435,3721 2490,3705"/>
                <TextEquiv>
                    <Unicode>que iehoatl ano, iehoatl qua</Unicode>
                </TextEquiv>
            </TextLine>
            <TextLine id="r1l63" custom="readingOrder {index:62;}">
                <Coords points="151,3809 331,3846 394,3803 600,3829 748,3796 799,3831 868,3790 1307,3783 1305,3722 1242,3740 1199,3704 149,3743"/>
                <Baseline points="159,3809 216,3807 273,3804 330,3803 387,3801 444,3798 501,3797 558,3795 615,3794 672,3791 729,3789 786,3788 843,3786 900,3785 957,3783 1014,3782 1071,3782 1128,3780 1185,3779 1242,3777 1299,3777"/>
                <TextEquiv>
                    <Unicode>cios, y doctrinas, que vsauan</Unicode>
                </TextEquiv>
            </TextLine>
            <TextLine id="r1l64" custom="readingOrder {index:63;}">
                <Coords points="1369,3872 2266,3905 2453,3848 2451,3740 2241,3815 2046,3805 2006,3771 1894,3814 1715,3772 1642,3806 1548,3768 1368,3795"/>
                <Baseline points="1377,3870 1430,3870 1483,3870 1537,3872 1590,3873 1644,3873 1697,3875 1750,3876 1804,3878 1857,3879 1911,3879 1964,3879 2017,3878 2071,3878 2124,3875 2178,3872 2231,3867 2284,3862 2338,3855 2391,3847 2445,3837"/>
                <TextEquiv>
                    <Unicode>tzalcoatl tocaiotilo, aço totocti</Unicode>
                </TextEquiv>
            </TextLine>
            <TextLine id="r1l65" custom="readingOrder {index:64;}">
                <Coords points="130,3898 299,3933 747,3898 954,3935 1257,3896 1227,3786 1126,3824 953,3790 801,3830 738,3796 610,3832 128,3834"/>
                <Baseline points="137,3893 192,3891 248,3890 303,3888 359,3886 414,3884 470,3882 525,3880 581,3878 636,3876 692,3875 748,3873 803,3870 859,3869 914,3867 970,3865 1025,3863 1081,3861 1136,3860 1192,3857 1248,3855"/>
                <TextEquiv>
                    <Unicode>los mjnistros de los ydolos, enel</Unicode>
                </TextEquiv>
            </TextLine>
            <TextEquiv>
                <Unicode>Apendiz.
el vno se llamaua, totectla
tlamacazque in quequetzala
macazquj: el otro tlaloca
ynjc ce totecu tlamacazqui. yn
tlamacazquj: que si empre
vme tlaloc tlamacatzqui, oco
elegian los mas perfectos,
ca muchipa iehoan qujntlqia
de todos los que moraua
in vel ixtlamatque muzcalca
enel templo.
El que era perfecto en todas
uhin qqujn vel qujmonest
las costumbres, y exercicios ydo
litztia y, yoan in occequj injl
trinas, que vsauan los mjnis
naoatil tlamacaoque, yn jntle
tros de los ydolos, elegianle por
liz, iehoatl ano, iehoatl pess
summo pontifice: al qual elagiā
el rey o señor, y todos los prin
nalo, in teupixqui muchioa,
cipales: y llamauanle buetzal
quipepena in tlatoanj yoā lla
coatl: y eran dos los que eran
tlatoque, yoan muchintin ila
sum mos sacerdotes, el vno se
llamaua, totec tlamacazquj,
toque, qujtlatocaiotia. Quelzca
y el otro se llamaua tlaloc, tla
coatl: vmentin, in quetzalcola
macazquj. Jel que se llamaua
ceitoca, totec tlamacazqui, cca
quetzalcoatl: totec tlamacaz
quj, seruja al dias vitzilobuch,
ca tlaloc, in quetzalcoatl tia
tli: y el otro que se llamaua
tlamacatzqui itechpovia in
tlaloc tlamacazquj, serujācu
tzilobuchtli, in tlaloc itec tzo
dios, tlalo can tecutli, que e
in tlalocan tecutli, yn qujiata
ra dios de las lluujas. Jestos
dos sumos pontifices, eran ygua
itl
ynque y, çan velneneuln
les enel estado, y honrra: au
auh in manel motolinja, inlic
que fuessen, de muy baxa su
erte, y de padres muy baxos
nel ic notlaçatl, in manel quiza
y pobres. Mas la razon, por
tzacuj icnotlacatzintli, yn alzlia
que elegian, aestos tales, por
b
ytatzin, in tlaie velquichioa, ya
sumos pontifices, era: porque
fielmente cumplian, y hazian
nemilitz, yn jnnaoatil, tlamosa
todas las costumbres, y exerci
que iehoatl ano, iehoatl qua
cios, y doctrinas, que vsauan
tzalcoatl tocaiotilo, aço totocti
los mjnistros de los ydolos, enel</Unicode>
            </TextEquiv>
        </TextRegion>
        <TextRegion orientation="0.0" id="r2" custom="readingOrder {index:1;}">
            <Coords points="2460,2762 2460,2921 2478,2921 2478,2762"/>
            <TextLine id="r2l1" custom="readingOrder {index:0;}">
                <Coords points="2459,2886 2473,2882 2477,2874 2483,2874 2490,2869 2444,2777 2435,2786 2427,2786 2423,2795 2415,2799"/>
                <Baseline points="2460,2871 2478,2862"/>
                <TextEquiv>
                    <Unicode>io.</Unicode>
                </TextEquiv>
            </TextLine>
            <TextEquiv>
                <Unicode>io.</Unicode>
            </TextEquiv>
        </TextRegion>
    </Page>
</PcGts>
