2680 4218
558 39 992 252 Libro.
41 294 1223 430 el cargo de serujz las cosas del
44 409 1239 531 combite: los que aujan elegido
48 497 1218 650 para esto: ponjan luego cañas
37 595 1232 742 de humo, con sus platos delan
43 711 1205 850 te de cada vno de los combi
51 825 1216 989 dados: luego dauan les flores
57 958 1267 1099 en las manos, y ponjan les gujr
48 1064 1261 1211 naldas, en la cabeça, y hechauā
54 1177 1230 1323 les sartales de flores al cuello.
78 1296 1241 1434 Y luego todos los combidados:
51 1416 1272 1552 comencauan achupar el humo
69 1544 1245 1660 de las canas, ya oler las flores.
54 1660 1247 1798 Despues desto, venjan los serujdo
64 1745 1240 1908 res de la comjda, y trayan comj
61 1875 1234 2024 da acada vno, segun su comj
65 1986 1235 2156 da: y la ponjan delante, del que
66 2107 1227 2241 estaua asentado: vna orden de
78 2193 1246 2341 chiqujvites, con diuersas mane
70 2324 1271 2477 ras depan: y parcados en los chi
60 2459 1253 2599 qujvites; otros tantos caxetes,
64 2572 1265 2736 con diuersas maneras de cazue
52 2683 1229 2840 la, con carne, o pescado. Ian
66 2790 1243 2958 tes que començassen a comex:
54 2916 1206 3077 los combidados, la comjda
67 3033 1235 3200 que les aujan puesto: toma
90 3168 1251 3313 uan vn bocado dela comjda,
66 3277 1285 3432 y arroiauan le al suelo: a honr
67 3405 1240 3540 ra del dios Tlaltecutli: y lue
75 3493 1257 3646 go començauan a comer. A
63 3609 1246 3754 ujendo comjdo: dauan las so
68 3716 1275 3904 bras cassus criados, y tambien los
77 3841 1258 4001 caxetes, y chiqujvites. Puego ve
1441 82 1631 263 q̄ u
1320 261 2519 427 ietilo, yiotlatilo, njmā contoquilia
1339 393 2492 530 n texochimacac, texochitia, te
1309 504 2462 640 xochimaca, contoaquia imcpac
1320 592 2477 752 xochitl in xochicozcatl toicpac
1311 705 2489 856 xochitia, texochicozcatia, teix
1318 818 2492 974 pamomamana yn jiecaxitl, tla
1320 917 2518 1066 chichinalotoc, tlanecutoc, tlane
1321 1027 2520 1173 po, tlaaviaxtoc, tlavepelixtoc:
1324 1140 2556 1274 auh njma ieiciauh in tetlamacac
1330 1270 2517 1431 qujtocativi, in tetlanamictilique,
1326 1356 2495 1520 in tlanapaloque, tetlamaca, te
1333 1490 2502 1661 pipana, tepilotiuh, tecempilo,
1330 1586 2540 1784 tiuh, njma ieic tlaqualo, achto
1342 1697 2557 1875 pa ontlatlatlaca, catepa netla
1330 1802 2523 1985 çavilo, ic tlaquanja yn tetlavical
1320 1921 2540 2092 hoā, auh njmā ienoiciauh in
1321 2049 2539 2209 foamacae; çan ienoivi tepipan
1324 2143 2509 2337 tiuh, tecemjpilotiuh, aiac quixc
1326 2269 2502 2444 çaoa, itcumixpepetztza conte
1332 2364 2519 2564 tequilitiuh, in aquauitl, ymjcemo
1315 2499 2506 2677 neioa: cacaoatl, icahattioa teça
1321 2582 2511 2781 atlaçavilo, qujmatlacaujia, ynte
1327 2693 2554 2861 tlavicalhoa, in viconj, in tiacaca
1307 2828 2546 2991 nj, in quitquinj netlacavilli, vnca
1317 2939 2544 3110 achitznca ompacoatoc, napielo
1332 3040 2558 3225 toc, vellamachotoc innepielolan
1337 3167 2541 3370 in tecoanotzaloian: auh in cequjti
1328 3289 2545 3406 inamocenca tlavelmati, velama
1332 3374 2556 3551 ti, movelmati, yn atica, tlaqual
1332 3494 2482 3661 tica, xochitiça, yietica et ā
1340 3603 2585 3778 canmotlavellaioa, moquetztooo:
1337 3718 2540 3883 moquetztiquica, choloteoa, ma
1325 3848 2548 4028 çoma, motlaqual çoma, tlatla
