2592 3986
68 139 1204 315 Exclamationes del autor.
85 364 1289 521 O infelicissima y desuenturada nation,
65 454 1282 622 que de tantos, y de tan grandes engaños
75 557 1309 704 fue, por gran numero de años engaña
88 649 1249 774 da, y entenebrecida: y de tan, innu
81 734 1259 850 merables errores deslumbrada, y des
81 827 1262 957 vanecida. O cruelissimo odio, de aquel
85 909 1246 1056 capital enemigo del genero humano
89 996 1289 1135 satanas: el qual con grandissimo estu
80 1099 1297 1269 dio, procura de abatir, y envilecer cō
78 1190 1278 1339 innumerables mentiras, crueldades,
69 1277 1265 1458 y trayciones, alos hijos de Adan. O juy
86 1376 1272 1526 cios diujnos profundissimos, y rectissi
87 1470 1279 1624 mos, de nrō señor dios: que es esto, se
86 1569 1303 1723 ñor dios? que aueys permjtido, tantos
86 1687 1259 1833 tiempos, que aquel enemjgo, del gene
84 1776 1266 1928 ro humano, tan asu gusto, se enseño
85 1875 1274 2014 reasse desta triste, y desamparada na
82 1979 1263 2122 tion: sin que nadie le resistiese: don
81 2064 1246 2212 de con toda libertad, derramo toda
72 2158 1261 2309 su ponzoña, y todas sus tinjeblas. Se
72 2259 1240 2405 ñor dios esta injuria, no solamente
86 2357 1276 2500 es vrā, pero tambien, de todo el gene
89 2450 1268 2606 ro humano: y por la parte que me
83 2544 1284 2697 toca, suplico a vrā diujna magestad
69 2635 1265 2819 que despues de auer qujtado, todo
83 2728 1248 2905 el poder, al tirano enemigo: hagais
68 2826 1293 3020 que donde abundo el delicto, abunde
85 2929 1264 3122 la gracia: y conforme ala abunda
78 3025 1272 3200 cia, de las tinjeblas, venga la abun
89 3137 1261 3277 dantia de la luz, sobre esta gente,
77 3255 1247 3420 que tantos tiempos aueys permjti
92 3332 1240 3481 do estar supeditada, y opresa de
67 3459 830 3595 tan grande tiranja.
82 3707 113 3779 b
1371 139 2537 308 Jzca in ichoquiztlatol, yn jtlaocu
1384 258 2492 397 llatol, in amatl oqujtlali: inic
1389 332 2530 470 cenca tzatzi, in qujmotlatlauhti
1376 441 1994 577 lia dios, qujtoa.
1370 537 2537 709 Jioiave, cenca chocan noiollo vel njxaio njx
1387 657 2510 780 tlan moteteca: iuhqujn teciujtl pixavinj
1370 742 2503 880 xaio, ynjc niqujlnamjquj, ca cenca mj
1380 814 2531 956 ectlamantli, iztlacatlatolli, ynjc iztlaca
1379 910 2524 1047 viloque, in nican nueua españa tlaca:
1384 989 2491 1113 ca amo can centzonxiujtl, ca amo çan
1398 1054 2529 1184 vn tzonxiujtl, cacenca ieuecauh. Jioia
1382 1142 2525 1286 ue, cenca noiollo toneoa, vel iuhqujntla
1382 1225 2510 1342 tla noiollo: injc niqujlnamjctimotlalia,
1375 1307 2522 1450 yn quenjn cenca vei, yn jtecuculiliz intzi
1371 1392 2488 1515 tzimjtl, in satanas: injc techcuculia,
1375 1475 2512 1613 yn tlalticpac titlaca: iehica vel yiolloco
1376 1559 2521 1719 pa, vel ixqujch ytlapal qujchioa, ynjc
1390 1643 2524 1789 qujtemotinemj, yn topoliujliz, in totla
1394 1733 2535 1868 njtlaçaloca, yn totelchioaloca, in tipilhoa
1372 1843 2525 1947 Adan: injn cateiztlacaujliztica, teca
1372 1938 2533 2042 necaiavaliztica, teichtacamjctiliztica, yn
1370 1991 2522 2118 iuh qujchiuhtinemj. Jioiaue, totecujoe,
1382 2076 2536 2217 diose: yn jquac njqujtztimotlalia, inmo
1366 2161 2525 2315 tlatlaliltzin, yn vuj moteutetlatzontequj
1373 2259 2514 2398 lilitzi: ca cenca njnomauhtia, cenca nj
1367 2337 2520 2459 nicavia: totecujoe, diose, ynjsqujchca
1374 2432 2527 2548 vitl, in oic inca mocacaiauhtine, in sa
1380 2494 2508 2633 tanas, in nueua españa tlaca: tleica,
1373 2574 2540 2735 yn amo tiqujnmocujtitzino? ca cenca mj
1376 2665 2543 2822 iec yn jiztlac, yn jtenqualac, in tlaioa
1367 2756 2551 2911 lli, in jmpac oqujçotlac: injn ca ic omilz
1370 2839 2538 2967 moioltlacalujtzino, ic mocpactzinco one
1380 2937 2544 3057 yn satanas: auh in timuchinti in cema
1368 3013 2528 3131 naoac titlaca, cenca otechaujlqujxti, cen
1373 3089 2521 3215 ca otechpinauhti. Auh in nehoatl, ca
1358 3166 2534 3301 cenca njqualanj, yn ipampa injeoiuh
1376 3247 2514 3398 qujchiuh, in satanas: ic cenca njmilz
1369 3338 2520 3457 notlatlauhtilia totecujoe: ma xicmolpi
1367 3429 2515 3532 li, maxicmocaltzacujli, in satanas: inic
1358 3479 2542 3621 aoqujc occepa iuhqujqujchioaz. Auh no
1361 3551 2543 3676 cenca ic njmitznotlatlauhtilia, ynjc tiqujl
1374 3653 2521 3760 momaqujliz, yn njcan tlaca, yn mogracio
1370 3693 2521 3816 tzin, tiqujnmomaqujliz, in vei moteutla
1372 3753 2554 3883 netzin; yn amo machiuhquj catca, in tlatla
1375 3844 2539 3959 culli, in tlaioalli, çan occenca ic tlapa nauiz
