2664 4158
236 68 734 239 dela fiesta
100 284 1228 428 espada, y conla rodela: como qujen es
94 389 1189 517 grime: y enllegando abaxo, yuan
91 461 1202 597 hazia adonde estaua la piedra, cō
103 584 1231 675 mo muela, donde acuchillan losca
81 663 1242 797 tiuos, y rodeauanla todos, y fenta
94 760 1236 901 uanse entorno della, algo redrados
82 864 1214 996 ensus icpales, que llamauan que
91 975 1225 1101 cholicpalli: estauan todos ordenados,
88 1073 1216 1189 el principal sacerdote, de aquella fies,
93 1176 1243 1302 ta, que se llamaua ioallaoa, se assen
87 1267 1243 1404 taua en el mas honrrada lugar, por
100 1364 1228 1493 que el tenja cargo de sacar, los cora
96 1439 1218 1584 cones, aquellos que alli morian: y
106 1546 1232 1659 enestando sentados, comencauan
90 1639 1219 1797 luego, atocar flautas, trompetas,
100 1735 1244 1872 caracoles, y adar siluos, y acantar:
105 1848 1219 1983 estos que cantauan, y tañjan, lle
93 1944 1188 2075 uauan todos banderas de pluma
104 2051 1196 2177 blança, sobre los hombros, en sus
97 2136 1218 2309 astas largas: y sentauanse todos
96 2253 1216 2398 orde nadamente entorno de la pie
103 2353 1212 2522 aca, algo mas lexos, que los sacer
103 2447 1231 2608 dotes. Estando todos sentados, ve
93 2565 1196 2712 nja vno de los que tenja captiuos,
106 2667 1225 2797 para matar, y traya asu captiuo,
96 2753 1248 2870 de los cabellos, hasta la piedra: don
95 2854 1252 2986 de le aujan de acuchillar, alli le da
82 2947 1190 3087 uan abeuer vino de la tierra, o
84 3066 1230 3191 pulcre: y como el captiuo, recebia
94 3152 1217 3293 la xicara del pulcre, alçauala con
81 3261 1206 3395 tra el oriente, y contra el septen
85 3342 1234 3486 trion, y contra el occidente, y con
71 3452 1214 3583 tra medio dia, como ofreciendola
79 3522 1208 3670 hazia las quatro partes del mun
68 3620 1234 3768 do: y luego beuja, no con la xicara,
61 3716 1241 3844 sino con vna caña hueca chupando:
1489 89 2205 267 Tlacaxipeoaliztli
2327 145 2565 267 fori.
1325 256 2465 426 teixiptlaoan, yn jnpatilooan inix
1330 387 2405 530 qujchtin teteu: motocaiotiaia te
1329 481 2450 645 patiuhti, tepatillooan, teixiptla
1315 626 2452 739 ti: çan ie no yuj inujh motecpan
1314 722 2449 820 tiuj, cemonotiuj, ynic oaltemo:
1321 801 2433 926 vmpa oalpeoa in iopico, vel icpac
1314 892 2436 1008 in teucalli iopitli. Auh ynoacico
1319 1000 2470 1139 tlatzintla, in tlalchi, in tlaltitech:
1321 1099 2419 1236 njman qujiaoaloa in temalacatl,
1328 1199 2427 1335 yn oconiaoaloque, motlatlaliatec
1320 1286 2427 1450 pantoque, ypan veuey icpalli, i
1329 1396 2449 1551 toca quecholicpalti. Auh ynjc ono
1318 1544 2422 1668 que ynjc tecpantoque, eneteia
1328 1631 2418 1760 cantica, ie nocuele teiacantica
1322 1745 2416 1873 tlaiacatitica, in iooallaoa: iehi
1322 1840 2415 1983 cacaitequjuh, yn eixcaujlcat
1307 1953 2429 2078 ca, in tlamictiz, in tetlatlatiz, y
1307 2057 2408 2211 mac polioaz, ymac xamanizq̄
1301 2136 2435 2328 yn ixqujch quauhtecatl: in ie
1305 2246 2412 2429 iuhquj njmantlapitzalo tecciz
1324 2406 2445 2508 tli mopitza, qujqujztli, mapipi
1318 2505 2438 2639 tzoa, yoan cujco: cujcapan tlapi
1327 2591 2456 2737 tzalpan in oalmoiacatia: motecpa
1324 2700 2427 2840 na in cozcateca, qujquequechpa
1318 2793 2406 2953 notiuj, aztapanjtl, qujiaoaloa
1322 2922 2405 3076 in temalacatl. Ce cantiqujça in
1307 3051 2401 3172 malli, icpac cantiuh in tlamanj
1317 3129 2412 3286 in male, ynic qujujca temala
1311 3249 2446 3385 cac: yn ocaxitique, qujmaca ve
1309 3349 2460 3491 tli: auh yn vctli nappa coniavi
1312 3465 2421 3586 lia in malli: auh catepan conj
1302 3577 2413 3676 piaztica: njman oc nocetlacatl
1303 3675 2467 3806 oallauh colin qujcotonjlia, inma
1296 3766 2429 3912 lli, in oaoantli, yn oconquech
2331 3978 2415 4070 is
