2434 3988
422 45 1002 232 Libro. E.
73 272 1241 393 vn cantaro de agua, sobre la cabeça
84 356 1280 491 sobre todos los vestidios que tenjan
90 471 1256 547 ansi hombres como mugeres: esto
78 514 1264 670 hecho qujtauanlos las vestiduras
92 623 1283 774 mojadas, y aderecauanlos conpa
96 727 1235 876 peles, conque aujan demorir, y
91 826 1270 999 teñjanles todos los braços, y todas
91 955 1246 1085 las piernas, con acul claro, y des
96 1036 1253 1192 pues se las rayan con texas, y pin
84 1136 1280 1255 tauan los las caras, con vnas van
87 1222 1259 1364 das de amarillo, y açul atraue
78 1310 1274 1473 sadas por toda la cara, vna de a
96 1427 1255 1577 marillo, y luego otra de açul: lu
92 1518 1239 1671 ego, otra de amarillo, y otra de
105 1626 1228 1755 açul, y ponjanlos en las narizes
90 1725 1216 1834 vna saetilla atrauesada, y vn
85 1797 1237 1957 medio circulo, que colgaua has
79 1906 1241 2049 ta abaxo: ponjanlos vnas coraa
97 2007 1232 2153 ças, o coronas, hechas de cañjtas
91 2104 1267 2247 atadas, y de lo alto salian vn ma
81 2189 1249 2342 nojo de plumas blancas; y alas
93 2279 1265 2446 mugeres, ponjanlas plumas ama
90 2385 1235 2515 rillas, sobre las corocas adereça
96 2497 1245 2610 dos. Desta manera, delante del
92 2586 1237 2728 oi, de vitzilopuchtli, lleuauan
96 2670 1246 2829 los por delante, de las casas, que
85 2765 1239 2900 llamauan calpulli: y cada cōño
91 2882 1254 3001 le lleuaua, su dueño asu casa,
91 2988 1249 3117 en llegando acasa, descomponjā
84 3083 1235 3203 los, de los papeles conque esta
96 3190 1249 3324 uan compuestos, y ponjanlos en
89 3273 1247 3443 los petaças: desde alli, comenca
82 3382 1272 3521 uan abaylar, y acantar, vn hom
82 3468 1265 3636 bre, y vna muger pareadas. lle
85 3572 1243 3730 gauan al qujnto dia, antes del
100 3696 1252 3834 dia, que los matassen, comenca
112 3768 1247 3935 uan aayunar, los dueños de los es
1495 50 2368 230 de las cerimonjas,
1338 224 2378 373 matzelhuja, vncan mjexi
1329 365 2382 525 tlan Vitzilobuchtli, yoan
1333 491 2387 632 vncan qujn mamaca mjmo
1333 562 2383 768 matlatquj, mjmamanechi
1337 696 2381 884 chioal mjpan mjqujzque,
1341 843 2378 984 yoan qujntexovavana mj
1336 920 2400 1085 mjcxic, in metzpan tlatlamj:
1352 1012 2396 1184 yoan m inma, macolpātla
1325 1115 2394 1312 tlamj: yoa imjxtlan tlatla
1332 1236 2411 1414 ana, ic tlatlapanteuh inteso
1322 1362 2383 1524 tli, in coztic, yoan qujmon
1324 1455 2383 1647 tlalilia iacapilolli, mjtl mu
1323 1576 2394 1769 choa, yoan anecurio el. Auh
1326 1703 2370 1901 i ie iuhquj moqujmo cii
1324 1830 2390 2002 chiuhque, moqujmō cenco
1324 1945 2395 2122 uhque: njman ic qujnvivic
1336 2041 2393 2199 m icacalpulco, çan oalqui
1320 2192 2382 2340 qujztiqujca, njma ie ic visl
1337 2297 2384 2442 m inchachan tealtique, otu
1337 2409 2383 2575 pa qujnxixitinja, qujntlaca
1323 2527 2376 2676 liia m i tlatquj, qujmote
1332 2639 2375 2794 natemjlia. Auh vn çan i
1333 2771 2382 2927 oan compeoaltia in cujcoia
1320 2876 2375 3046 noa, qujnvivicativi in in cs
1333 2973 2393 3155 oaoan. Auh imoacie, vncā tla
1321 3127 2385 3300 macujlti: njmā vnca comj
1322 3231 2404 3409 oaltia m mocaoaia tealtique,
1341 3369 2392 3557 yoan in calpulvevetque: tla
1325 3492 2372 3672 ca tlaquaia, yoan maltiaia
1339 3627 2384 3795 mioalnepantla: vmpa alca
1322 3758 2371 3911 uhcalco, in ommaltiaca, i
