2552 4086
476 -7 984 212 Libro. E.
64 213 1334 355 tiuos, yuan tras el, subiendo por el cu
69 329 1312 432 arriba: porque ellos auian de morir
60 405 1327 536 primero: dujendo muerto los captiuos
60 486 1322 609 luego matauan alos esclauos, que era
63 582 1328 722 ymagines del dios Ixcocauhquj, que
60 654 1319 802 era el dios del fuego. Y despues que
70 738 1322 899 todos aujan muerto, estauan apa
72 848 1339 995 rejados, los señores principales, para
75 984 1334 1091 començar su areyto, muy solenne:
62 1059 1330 1201 y luego le comencauan: y el que gui
78 1145 1299 1270 aua, era el señor: lleuauan todos
79 1253 1341 1373 en la cabeça, vnas coronas de papel
84 1362 1335 1472 como medias mjtras, solamente lle
94 1439 1325 1562 uauan la punta delante, sinla de
88 1520 1313 1640 tras: lleuauan en las narizes, vn
85 1633 1301 1763 hornamento de papel açul, hecho
89 1734 1340 1864 como media mitra pequenjta, que
78 1826 1367 1979 en vestia la nariz, y colgaua hasta
75 1914 1370 2082 la boca, era como coroña de la boça
83 2012 1346 2151 lleuauan orejeras, hechas de turque
78 2120 1341 2253 sas, de obra de musayco: otros que
86 2210 1308 2344 no alcancauan, estas orejeras, lle
92 2294 1337 2438 uauan las de palo, labradas con flo
84 2389 1312 2535 res: lleuauan vna xaqueta pin
77 2485 1334 2601 tada, de color açul, de vnas flores
80 2597 1365 2723 curiosas: lleuauan por joel, colgado
73 2684 1344 2847 al cuello, vna figura de perro, he
92 2775 1345 2951 cha de papel, y pintada de flores:
62 2871 1362 3059 y lleuauan vnos mastles, con vnas
92 2980 1352 3140 vandas negras, en los cabos que col
101 3097 1365 3248 gauan, y lleuauan en las manos,
95 3174 1357 3346 vnos palos, amanera de machetes,
93 3266 1365 3427 la mjtad dellos, teñjda con colorado
91 3366 1349 3536 y la mjtas blanco, desdel medio arri
90 3455 1367 3585 ba de colorado, y desdel medio aba
85 3577 1347 3724 xo, de blanco: de la mano izquj
107 3669 1386 3819 erda, lleuaua colgado, vna taceauj
93 3751 1349 3909 lla de papel, con copal. El princi
121 3848 1362 4028 pro deste bayle, era en lo alto del cu
1516 15 2438 197 delas cerimonjas,
1386 187 2508 394 que mamalti: njma iehoā
1388 314 2498 508 mtlaaltilti in ixcocauhq:
1388 455 2499 629 Auh in oncentlanque mjqui
1381 559 2517 771 in ie iuhquj: auh mjxqujchtii:
1374 693 2503 891 tlatoque, i teteciutin in ces
1390 811 2500 985 ca maviztililonj, ieicmanj, ca
1386 896 2509 1112 qujchixtimanj omocencauhz,
1396 1045 2529 1244 qujniacana in io tecuçomā
1392 1164 2490 1360 ocontlali xiuhvitzolli, intla
1388 1296 2493 1498 tocaiotl; yoan contlalia iaca
1389 1435 2515 1597 xivitl in muchinti, yoā cona
1390 1543 2529 1733 quja xiahnacochtli, vel xivic
1390 1670 2502 1851 istuh in cequjntin can quavitl
1405 1758 2528 1972 i tlachioalli, tlaxeiuhicujloila
1412 1917 2491 2078 yoan cōmaquja xicolli, xiuh
1405 2057 2494 2187 clalpilli, vel tlacoc chioalli, ss
1407 2164 2504 2340 i xolocozquj iuhqujnchichi
1391 2242 2505 2451 ton icietiuh; amatl in tlacti
1397 2395 2491 2595 oalli, tlaxiuhicujlolli, ocā
1398 2523 2469 2673 iamamaxtli, acaxiiquj mjc
1405 2619 2480 2804 tlacujlolli: auh can elillini
1400 2777 2485 2925 tlacujlolli. Auh in mmac os
1405 2873 2510 3054 notiuh quavitl, cantepitolda
1404 2991 2496 3185 tlatzotzopaztectli. chic tlapa
1410 3141 2494 3300 quj; maco chichiltic, auhin
1413 3273 2505 3423 tlanj ticaio: ce cec tlapal quj,
1420 3389 2500 3569 tijtzquja, amaxiqujpilli, nj
1426 3521 2480 3677 mā ieic oaltemo mjtotiti
1431 3631 2500 3789 vitze. Aceh mo tomoco: njma
1413 3741 2487 3930 reic claiaoaloa, çanappā
1444 3895 2475 4038 in tlacaoaloa: auh in otla
