2574 4182
611 78 1587 247 de las fiestas moujbles.
480 221 1584 450 La trezena fiesta mouible.
340 452 1905 604 Enel signo que llamauan ce ytzcujntli: dezian que era
355 563 1884 696 el signo del fuego: hazian gran fiesta a honrra de xiuhte
349 636 1923 752 cutli, dios del fuego: enella le ofrecian mucho copal, ymu
358 728 1903 833 chas codornizes: componjan su ymagen, con muchas mane
350 812 1902 914 ras de papeies, y con muchos ornaāmentos ricos: entre las
341 866 1883 991 personas ricas y poderosas, hazian oran fiesta, a honrra
350 928 1936 1055 del fuego, ensus mjsmas casas. hazian combites, y vanque
355 1020 1932 1138 tes, a honrra del fuego. Eneste mjsmo signo: hazian la
350 1084 1885 1210 election de los señores y consules. Y en la quarta casa
341 1170 1891 1295 deste sino: hazian la solenjdad, de sus electiones, con
349 1246 1911 1362 combites, y areytos, y dones. Despues destas fiestas a
338 1325 1816 1476 pregonauan luego la guerra contra sus enemigos.
481 1501 1688 1711 La catorzena fiesta mouible
337 1702 1899 1869 Enel signo llamado ce atl: enla primera casa deste sio
348 1813 1912 1935 no, hazian fiesta, ala diosa del agua llamada chalchi
341 1876 1924 2018 uhtli ycue: hazian la fiesta, todos los que tratauan enel
328 1975 1938 2098 agua: ansi vendiendo el agua, como pescando, como hazien
339 2035 1893 2174 do otras gragerias, que ay enel agua. Estos componj
343 2088 1916 2251 an su ymagen, y ia ofrecian,  reuerenciauan, enla
348 2192 1048 2317 casa llamada Calpulli.
474 2355 2031 2498 LA qujnta decima fiesta mouible comu.
328 2577 1947 2745 Los señores, y principales, nobles, y mercaderes xicos
340 2677 1920 2844 quando les nacia algun hijo ohija : tenjan gran cuēeta
342 2765 1894 2883 conel signo en que nacia: y el dia, y la hora en que na
336 2838 1906 2955 cia: y desto yuan luego a ynformar, alos astrologos, ju
335 2929 1906 3037 diciarios: y apreguntar por la fortuna buena o mala
334 2981 1887 3096 de la criatura que nacia. Y si el signo, en que nacia
346 3056 1911 3166 era prospero, luego le hazian baptizar, y si era aduerso
336 3135 1926 3264 buscauan la mas prospera casa de aquel signo parale
340 3215 1913 3327 batizar. Quando le batizauan, combiaauan alos parien
340 3288 1921 3437 tes, y amigos: para que se hallassen presentes al patis
341 3370 1930 3485 mo: y entonce dauan comjda, y beujda, atodos los pre
337 3461 1900 3602 sentes. Y tambien alos njños, de todo el barrio: baptiza
336 3535 1915 3639 uanle, ala salida del sol, encasa de su padre, baptiza
344 3607 1909 3735 uale la partera, diziendo muchas oraciones: y hazi
326 3677 1907 3799 endo mucha cerimonja sobre la criutura. Esta fies
332 3787 1902 3877 ta, tambien la vsan agora, en los baptismos de sus hi
327 3823 1633 3967 jos, enquanto al combidar, y comer, y beuer.
2081 4023 2139 4111 bO
2235 146 2517 284 fo. 14.
