2724 4360
366 92 944 293 del libro.
27 315 1148 477 mundo, y breuemente, como quj
30 418 1111 573 en se calienta al sol es nuestra
40 522 1129 649 vida: y hizo nos merced nuestro
39 622 1095 764 señor, que nos conociesemos, y
49 712 1116 855 conuersassemos, los vnos alos o
36 798 1122 960 tros enesta vida: y agora al
39 913 1084 1036 bresente, y a os llevo el dios,
38 1010 1117 1140 que se llama mictlan tecutli,
28 1111 1091 1249 y por otro nombre Aculnaoa
60 1212 1134 1362 atl, otzontemoc: y la diosaq̄
62 1315 1137 1452 redize Mictecacioatl, yaos pu
47 1396 1171 1563 lo por su asiento: porque todos
62 1505 1125 1691 nosotros yremos alla, y aquel
62 1609 1124 1777 cugar es para todos, y es muy
61 1702 1145 1879 ancho, y no aura mas memo
73 1797 1142 1967 ua de vos, eya os fuystes al
70 1913 1143 2082 cugar oscurissimo, que no tie
70 1990 1162 2174 neluz, nj ventanas, nj aue
70 2104 1179 2293 y mas de boluer, nj salir de a
92 2212 1169 2377 nj tampoco mas aueys de
97 2293 1181 2487 cener cuydado, y solicitud de
91 2393 1187 2579 vuestra buelta, despues deos
95 2536 1160 2676 auer ausentado, para siem
89 2619 1193 2777 ne iamas. Aueys ya dexado
103 2716 1207 2887 duestros hijos, pobres, y huer
79 2819 1217 3003 sanos, y njetos: nj sabeys como
93 2933 1220 3081 an de acabar, y passar los tra
85 2997 1207 3188 sajos desta vida presente: y no
89 3127 1227 3286 rotros alla vremos, adonde vos
73 3237 1230 3398 ctaujerdes, ante mucho tiem
92 3323 1194 3490 E: J despues desto hablauan
79 3416 1223 3599 zdezian al pariente, del de fū
87 3544 1226 3703 to: diziendole. O hijo es força
102 3643 1204 3794 o, y tomad anjmo, y no de
86 3717 1226 3915 eys de comer, y beuer, y quje
92 3837 1256 4002 tese vr̄ō coraçon: que podemos
95 3940 1224 4122 dezir no sotros, allo que dios ha
111 4045 1233 4246 aes por ventura esta muerte
2231 86 2485 230 fo. 24.
1355 107 1480 251 zi
1192 190 2432 448 miquja in momiquiliaia, quij
1190 360 2448 535 hujaia, in canoc vetztoc, in çanoc
1191 480 2436 666 acantoc. Nopiltze oyhiiotl tic
1201 605 2440 767 momachiti, oticmociavilti, omitz
1192 704 2453 875 mocnelili in totecujo, canelamo
1210 827 2435 1066 njcan tocenchan in tlalticpac, ca
1201 938 2482 1183 çanachitzinca, cacancuelachic
1218 1087 2440 1274 çaçantitotonca, campaltzinco
1215 1210 2457 1427 titiximatico in totecujo: auh in
1224 1344 2483 1522 ocecan coomitzalmanili in mjc
1227 1449 2485 1670 tlan tecutli, in tieulaoacatl
1238 1626 2499 1836 in tzotemoc, yoan in mjcteca
1253 1764 2512 1951 cihoatl, caomitzalmotetzontiça
1237 1893 2498 2097 omjtzalmocpalti ca nel vmpa
1259 2017 2484 2235 tocenchan, vmpa tocenpopoli
1257 2156 2518 2367 vjian, vmpa tlatlalpatiaoa, ça
1269 2302 2497 2507 oic cenonquiz, caotonmovicac
1275 2443 2515 2638 in quenamjcan, ximooaian in
1296 2578 2565 2775 vilooaian, in apochqujiaoaioca,
1281 2708 2571 2874 in atlecalocan ca ocmoceppami
1290 2835 2571 3058 loch monecuepal ticchioalz, caoc
1288 3002 2568 3163 mo tioallamatiz in monca mo
1305 3096 2507 3309 tepotzco, in macujl in matlac:
1298 3244 2547 3472 ca otiqujmonjcnocauhteoac, oti
1310 3380 2551 3627 qujmontlaçacauhteoac, inmo
1320 3554 2575 3742 vilhoan, in moxvioan, ca ocmo
1312 3679 2555 3889 tihioallamatiz ycacoquenpopo
1324 3864 2613 4019 Jivitzque, ca motechtonacitivi,mo
1332 3966 2539 4151 techtonpachivitivi, in macujl
