2550 4066
351 29 914 216 de la fiesta
83 232 1145 361 tli; alli las ponjan todas juntas:
76 317 1123 432 En acabando las de poner, yuā
90 392 1093 529 se asus casas. Al quarto dia,
76 499 1102 613 llamauan calpan nemjtilo, que
66 581 1115 708 qujere dezir, el dia que se hazē
79 678 1087 801 saetas particulanes, para ue
77 767 1142 900 gar conellas, para en exercitar
81 831 1111 989 se, enel tirar: y poñjan por
65 938 1111 1066 blanco vna hoja de maguey,
56 1027 1106 1173 y tirauanla: aquj parecian
80 1124 1150 1258 qujenes eran, los mas certeros
73 1203 1112 1369 en tirar. Al qujnto dia, hazi
75 1299 1111 1446 an vnas saeticas pequeñas, a
75 1387 1144 1536 honrra de los difuntos: eran lar
74 1487 1123 1630 gas, como vn xeme, o palmo: y
77 1598 1147 1722 ponjanlas resina, en las puntas:
70 1684 1134 1845 Y enel cabo el caxqujllo, era de
81 1786 1164 1944 vn palo de por ay, atauanqua
88 1908 1142 2049 tro saetiças, y quatro teas, con
74 1989 1175 2153 hilo de algodon floxo, y ponjan
76 2080 1142 2221 las sobre las sepulturas, de los
99 2180 1141 2334 difuntos. Tambien ponjan jun
102 2280 1146 2431 çamente, vn par de tamales
111 2393 1130 2541 dulçes, todo el dia estaua esto,
94 2486 1168 2671 las sepulturas: y ala puesta del
81 2597 1143 2762 sol encendian las teas, y alli
90 2703 1126 2859 se quemauan las teas, y las
84 2830 1172 2974 saeras: el carbon, y ceniza, que
87 2915 1167 3066 dellas se hazia, enterrauanlo
92 2995 1163 3178 sobre la sepultura del muerto,
78 3144 1161 3289 Ahonrra de los que aujan mu
72 3208 1150 3410 erto en la guerra, tomauan v
82 3324 1163 3475 na caña de mahiz, que tenja
87 3419 1143 3572 nueue nodos: y ponjan en la
87 3518 1145 3667 punta della, vn papel como
89 3627 1158 3773 vandera; y otro largo, que col
96 3717 1172 3883 gaua, hasta abaxo, al pie de la
1474 11 1952 198 Onecholli
2202 46 2481 204 fo. 20
1169 206 2333 355 oiecauh, njmāieietlacujtlalpi
1176 334 2404 461 lo, cecempoalli in mocujtlalpia:
1177 461 2314 579 auh motlacenqujz, njmaieic
1183 558 2335 703 nnetecpanalo, onnevipa
1177 653 2362 828 no lo, oncempantioa in moca
1194 769 2345 946 oaz i vmpa icxitlan vitztlo
1196 915 2324 1065 buchtli vncan con centecpi.
1197 1029 2388 1203 choa: auh in omomamanato
1199 1134 2373 1315 njmā ic viviloa. Auh mjcna
1208 1251 2378 1425 vilhujtl, mjtoaia, calpā nemj
1211 1396 2357 1558 tilo, ixqujchtlacatl momjti
1215 1507 2405 1651 aia intechachan, çan iuhquj
1220 1634 2360 1777 mjcnaviltilo, telicneieieco
1207 1739 2385 1874 loia, ic nemamachtiloia: ca ve
1225 1847 2373 2046 ca qujoalquetzaia metl, quj
1231 1966 2343 2147 mjmjna: yn çanneci maquj
1241 2071 2384 2249 que vel qujmaiavi in vel mo
1232 2154 2371 2331 malmati, in vellamjna. Auh
1226 2277 2383 2439 mjcmacujlilhujtl, çamjxcavi
1217 2364 2390 2555 aia in mjmjcque, qujnchichi
1243 2509 2442 2646 viliaia, mjtotonti, cecemiztiti,
1239 2630 2425 2750 no achitoton ic conoocotzovia:
1238 2742 2400 2888 auch mjtlaxichio, çan tlacotl:
1240 2846 2380 3020 navimjtl, nonavi oçotl: con
1232 3010 2424 3112 cujtlalpia icapotonquj, impa
1222 3086 2397 3236 contetema in vnçan toctito
1250 3211 2423 3389 que, mjmjcque: van ontetl
1248 3324 2389 3497 tzopelic tamalli, contetema:
1259 3454 2407 3609 vncan cemjlhujtra: auh in ie
1255 3591 2410 3737 oncala quj tonatiuh: njman
1257 3704 2412 3861 ieic qujntlatlatilia, in canre
