2624 4322
1014 41 1461 358 iAuo
154 704 2577 918 Cosa muy sabida, es: que los astrologos, llamados Senettliaci: tienensia
166 798 2573 979 licitud, en saber la hora, y punto del nacimjento de cada persona: lo qual e
110 893 2564 1062 bido, adiujnan, y pronostican, las inclinaciones naturales de las hombres poll
120 966 2577 1141 confideracion del signo, en que nacen, y del estado, y aspecto: que entonce tenja
105 1047 2560 1246 los planetas entre si, y en respecto del ligno. Estos aftrologos, o adiujnos: fundan
105 1101 2578 1327 su adiujnanca, enla influencia de las consteraciones y planetas: y por esta con
111 1186 2587 1404 tolerase su ddiujnança, y permjtte se en los reportorios, que el vulgo vsa: con ter
105 1274 2574 1484 condicion, que nadie piense, que la influencia de la constelacion, haze mas,
116 1372 2546 1555 aue inclinar a la sensualidad, y que njngun poder tiene, lobre el libre aluedrio:
111 1437 2569 1654 Estos naturales, de toda nueua españa: tuujeron, s tienen gran solicitud en labe
124 1498 2577 1737 al dia, y hora, del nacimjento de cada parjona: para adiujnar las condiciones, yia
98 1587 2571 1837 y muerte de los que nacian: los que tenjan este oficio, se llamauan tonalpouhqia.
110 1679 2566 1904 alos quales acudian como a prophetas, qualqujer que le nacia hijo, hija: yn
107 1751 2567 1966 ra informar se de sus condiciones, vida y muexte. Estos adiujnos, no seregian: yo
107 1832 2580 2059 los signos, nj planetas del cielo: sino por vna instruccion, que segun ellos did
92 1927 2570 2174 sela dexo quetzalcooatl: laqual contiene veynte caracteres, multiplicados te
98 2052 2550 2248 ze vezes: por el modo, que en el presente libro se contiene. Esta manera de
107 2072 2568 2322 adiujnança: ennjngunamanera, puede ser licita: porque njse funda en la v
92 2174 2556 2428 fluencia de las estrellas, nj en cosa njnguna natural, nj su circulo: es conjēr
109 2243 2568 2474 me al circulo del año: porque no contiene, mas de dozientos, y sesenta dios
98 2351 2564 2570 los quales acabados, tornan alprincipio. Este artificio de contar, o es arte l
103 2443 2547 2684 njgromantica, o pacto, y fabrica del demonjo: lo qual, con toda diligenua
88 2636 829 2778 se deue de sarraygar.
802 3024 1576 3251 Al sincero lector.
87 3171 2583 3470 Jienes en el presente volumen: amigo lector, todas las fiestos moujbles, del aia
102 3259 2569 3561 por su orden: q las cerimonjas, sacrificios, y regozijos, y supersticiones: quee
114 3358 2575 3612 ellas se hazian: donde sepodra tomar indicio, y aujso: para conoçer, li aggā
103 3461 2581 3727 se hazen del todo, o en parte: aunque por no saber el tiempo, en que se hazo:
95 3547 2579 3808 por ser moujbles: sera dificultuoso, de caer en ellas Tienes tambien micc
95 3606 2584 3888 copia de lenguaje: tocante a esta materia: entre ellos bien trillada, y anosotros d
91 3709 2575 3960 occulta. Ay occasion en esta materia, de conjecturar la abilidad desta gente: yor
77 3805 2585 4043 se contiene en ella, cosas bien delicadas: como en la tablaque esta alfin del libro s
76 4041 262 4137 recē.
