2420 4006
445 23 899 217 libro. E.
65 237 1234 371 sobre que corre, el huso, y el ordidero,
67 351 1210 488 y las canas, y el tupideco, conque
67 422 1200 571 texia, ylos licos, y el ataarre, y
51 522 1189 651 los cordeles conque atan la tela
61 631 1239 770 paraque este alta, y la caña pa
63 739 1223 887 ra tupir, y las espinas, o puntas
69 841 1202 999 de maguey, y la medida para
66 957 1238 1089 texer, con todas las otras parati
44 1052 1217 1205 xas, todo lo quemauan las mis
64 1179 1240 1318 mas cuyo eran: dezian, que to
58 1260 1236 1428 das estas alhajas, que quemaua
67 1356 1228 1525 se las aujan dedar, enel otro mū
69 1496 1239 1651 do donde yuan despues de la mu
52 1589 1232 1740 erte. Esto se hazian la vigilia
65 1693 1239 1881 de la fiesta, el dia en amanescien
50 1821 1193 2025 do, componjan los luego, con sus
47 1944 1236 2122 papeles, conque avian de morir:
53 2026 1227 2247 y luego los lleuauan, al lugar dela
62 2119 1225 2308 muerte, subian los por las gradas
62 2267 1199 2402 del cu, acada vno dos mancebos,
70 2362 1183 2492 vno de vn braço, otro de otro:
48 2465 1221 2619 porque no desmayassen, nj caye
43 2552 1237 2733 ssen: y otros dos los baxauan des
44 2663 1216 2844 pues de muertos, por las gradas
48 2770 1193 2908 abaxo, acada vno dellos la lle
54 2870 1212 3012 uauan vno vna vandera depa
57 2986 1212 3144 pel, delante: cada vno destos es
62 3093 1177 3260 clauos, yua con esta compañja,
53 3200 1220 3370 quando subian por las gradas del
60 3282 1164 3452 ou, lleuauan delante de todos
72 3383 1205 3570 quatro captiuos, atados de pies y
64 3489 1206 3664 manos: los quales aujan atado,
42 3611 1216 3758 enel rescibimjento del cu, que se
57 3709 1204 3860 llama apetlac, que es de donde
48 3789 1208 3957 comjençan las gradas, acada Y
1417 25 2150 198 delas cerimonjas
1303 226 2338 391 muchi qujtlatia. Auh in ci
1299 349 2329 501 oatl, muchi qujtlatia mjx
1304 478 2381 624 qujch icioa tlatquj: mjtana
1304 588 2363 755 mjmalac, mjtiçauh, mjtia
1309 706 2348 883 oalcaoc, mjtzatzaz, mjotla
1300 854 2377 997 uh, mjtzotzopaz, mjtecac, mj
1299 967 2384 1085 meca maxal, meanaia, joā
1293 1056 2372 1232 itzopaia, yvan ivitz, yoan
1301 1173 2393 1343 iquatzon, ixiguh, yvan yiol
1297 1293 2399 1462 tacauh: muchi qujtlatia tlo
1293 1424 2393 1583 ma. Injc iuhqujchioay, quj
1292 1553 2356 1706 mach vmpa intachmone
1294 1642 2398 1828 qujz in vmpa cazque; mjqua
1296 1773 2319 1944 mjqujz vmpa qujoalchiaz
1304 1923 2357 2039 Auh mo tlatvic, mectececa
1287 2024 2374 2161 oalo, techichioalo, qujmono
1291 2140 2354 2257 aquja mamatlatqujtl, mj
1275 2236 2381 2416 pan mjqujzque, moqujma
1286 2363 2363 2538 chichiuhque, mec tevico n
1299 2496 2362 2658 vmpa mjqujzque, qujnvis
1304 2610 2353 2760 in teanque, vmentin qujni
1286 2717 2378 2869 cavizque, in macana ço tlabi
1299 2832 2368 2996 qujn tizitzqujzque: yoā vmo
1289 2939 2374 3114 tin tetemo Jzque, in qujli
1305 3065 2391 3232 oal temo vizque, mjquacoin
1292 3179 2387 3341 mjeque: oan cepanoa, nla
1284 3302 2375 3463 qujvicatiuh panjtl: pato
1305 3411 2384 3577 vmentin, tuixamjque ciooa
1308 3527 2366 3697 çan muchivi in qujnvidi
1294 3615 2385 3789 ca, cecen me tlaaltilti. Auh
1301 3771 2396 3936 moqujmaxxitiquce: iacatlic
