2660 4190
212 96 953 265 de los embustes
38 312 1171 451 menço aestar, muy mala, por el
39 404 1168 564 amor de aquello que vio, hincho
35 475 1144 643 dele todo el cuerpo. Jel dicho se
37 584 1138 714 nor vemac supo, como estaua
36 679 1138 829 muy mala la hija: y pregun
46 772 1169 929 to alas mugeres, que guardauā
46 866 1172 1002 lahija. Que mal tiene mjhija:
58 961 1155 1099 que entermedad es esta? que
62 1067 1190 1211 se le ha hinchado todo el cuerpo.
54 1151 1159 1308 Yle respondieron las mugeres di
59 1237 1166 1375 vendo. Señor, de esta enfermedad
68 1332 1161 1473 fue la causa, y ocasion, el indio to
72 1416 1178 1570 deyo que andaua desnudo: y vrā
68 1510 1187 1657 bija vio ymiro, el mjembro qenj
70 1603 1205 1763 tal de aquel toueyo, y esta mala
82 1701 1181 1877 Pamores. Jel dicho señor, vemac,
72 1786 1182 1971 Ydo estas palabras, mando dizien
86 1888 1187 2069 co. A tultecas, buscad me altoue
73 1985 1186 2127 do, que andaua por aquj vendi
107 2060 1202 2219 axi verde, por fuerça, hade
94 2180 1186 2345 parecer: y ansi lo bus caron en
95 2264 1192 2434 odas partes, y no pareciendo: vn
93 2370 1195 2508 pregonero subio a la sierra, que se
98 2453 1195 2612 dama tzatzitepec, y pregono dizi
98 2570 1232 2715 endo. A tultecas, si hallays vn
91 2652 1216 2835 dueyo, que por aquj andaua, ve
98 2762 1206 2900 diendo axi verde, traeldo, ante el
103 2869 1202 3024 senor vemac. Jansi buscaron, en
103 2967 1215 3122 todas partes, y no le hallaron, ve
108 3078 1213 3225 njendo a dezir al señor, vemac,
90 3162 1230 3310 que no parecia, el dicho toueyo.
93 3256 1202 3428 ddespues parecio, el dicho toueyo
105 3359 1212 3506 asentado enel tianquez, donde
114 3460 1199 3640 de antes auja estado, vendien
104 3568 1201 3724 do el dicho axi verde: y como le
109 3688 1195 3854 hallaron, luego fueron, adezir
120 3773 1231 3926 al señor vemac, como auja pare
119 3857 1248 4028 cido el dicho toueyo: y dixo el seño:
1458 26 2222 209 de Titlacaoan
2303 82 2548 244 fo. 13
1230 233 2407 416 çaca, iuhqujn qujmotolinj in jtolo
1207 343 2383 548 ilh intouenio, auh in Nemac: nj
1206 451 2433 661 man qujma iniemocacoa iehpoch
1221 581 2471 797 quimilvi incihoa in quipia tleoax
1223 708 2447 938 tleay, quenopeuh in iepopocaoa
1229 827 2400 1036 in nochpotzin, njman quilvique
1235 992 2400 1170 incihoa in quipiaia, ca ie into
1228 1087 2456 1275 venio chilchonamacac, oquitlah
1242 1233 2411 1401 tili, quitlatolinj, ic opeuh, ie ico
1244 1356 2414 1535 cocoliszeujc. auh in vemac in
1256 1492 2467 1651 tlatoanj, njman ieie tlanaoatia
1268 1619 2422 1832 quito, tultecaie matemolo in
1266 1741 2462 1934 chilchonamacac tovenio neciz,
1269 1880 2466 2055 njman ie ic tlatemoio cemanoac:
1275 2020 2475 2201 auh in iquac aiac neci inman ie
1282 2153 2475 2343 ictzatzi in tecpoiotl in tzatzitepec
1286 2281 2461 2465 quito tultecaie at canah anquit
1287 2417 2463 2577 ta chilchonamacac tovenio, xi
1309 2539 2490 2731 qualvicacan, qujmotemotia in
1312 2678 2483 2822 tlacatl, ijman ieic tlatemoa,
1305 2801 2480 2987 novian nemj, qujxaqualotine
1300 2908 2525 3092 im intulan injc tlatemoa: auh
1302 3050 2497 3217 iomoxiuhtlatique in acanquit
1313 3189 2487 3373 ca, njmanjc qujnonotzacoin
1317 3305 2512 3470 tlatoanj, in caacanqujtta. auh
1306 3464 2497 3622 catepan monomanexti canie
1317 3596 2491 3741 novncan in motlalico in vnean
1331 3713 2530 3870 achtopa monexti: auh in oittoc,
1343 3839 2488 4016 njman qujnonotztivetzito, quil
