2520 3992
447 63 915 240 del libro.
47 295 1064 453 gnoramos tambien, que fueron
35 392 1045 558 los dones, que le fueron dados,
48 502 1054 632 aeste njño quando se baptizo:
39 603 1045 738 tambien ignoramos, el signo
58 691 1058 813 bueno, omalo, en que nacio, y
54 779 1058 925 se baptizo, no podemos noso
51 885 1047 1000 tros sieruos baxos, adiujnar
63 981 1071 1096 estas cosas: nadie de los que
55 1068 1088 1222 nacen recibe su fortuna, a
51 1170 1093 1300 en el mundo: cierta cosa
62 1279 1087 1442 es, que nuestra fortuna con
63 1362 1113 1545 nosotros la trayemos, quando
61 1482 1131 1641 nacemos, y nos fue dada, an
82 1579 1067 1761 te del principio del mundo.
83 1678 1096 1859 En conclusion, recebimos vrō
90 1796 1151 1962 njño, para que sirua en barres
76 1880 1156 2048 y enlos otros trabajos : baxos,
102 2006 1106 2173 en la casa de nuestro señor.
116 2082 1124 2277 Tesseamos y rogamos, que le
118 2199 1139 2356 sean dadas, las riquezas, de
112 2291 1141 2468 nuestro señor dios: desseamos
92 2395 1154 2553 que enesta casa, se manjfi
120 2488 1154 2697 esten, y salgan aluzz los do
106 2596 1166 2773 nes y mercedes, con que nño
106 2713 1217 2871 señor, le adorno, y hermoseo,
116 2811 1208 2993 ante del principio del mundo.
109 2889 1156 3068 O por ventura nr̄o señor, le
109 2977 1208 3177 lleuara para si, y le qujtara
114 3106 1219 3258 la vida en su njñez: poruen
119 3208 1226 3385 tura no mereremos, que viuā
123 3306 1239 3492 sargo tiempo, eneste mundo.
117 3450 1213 3610 No sabemos cosa cierta, que os
140 3536 1196 3717 dezir: para que os podamos
139 3615 1210 3805 consolar: no os podemos dezir
148 3710 1248 3924 con certidumbre, esto sera o es
2092 38 2327 188 fo. 31.
1243 57 1355 199 zi
1112 178 2257 373 aniooaian, tleic apanaloc, tleti
1122 302 2280 524 quioalitqujtia, yn iquac motla
1138 441 2263 614 catili: auh tleitonal, auhie que
1138 557 2281 746 ne tleypan malti tleymmaceoal
1132 677 2266 871 inpiltzintli tleynjilhujl, hianelli
1141 798 2261 965 mach, in tictonenpiquilia inti
1153 931 2280 1115 macehioalti, cujxmohiaca qujn
1158 1056 2326 1245 tlalticpac mucnichioaz, hanjmā
1186 1183 2314 1386 tiquitquitivitze, hanjman iooa
1188 1315 2306 1555 ianpa totlatqujoalietiuh, auh
1181 1446 2372 1652 in y, manoço itlan onaquj ynvch
1197 1572 2326 1789 panoaztli in tlacuicuiliztli, in
1203 1706 2311 1880 chiço tlanaoac tlatequiliztli:
1216 1793 2368 2001 auh in tletlaliliztli, manoço ixil
1212 1953 2336 2123 lan itozcatlan onmamaiavi in
1228 2042 2388 2246 totecujo, iniooalli yn ehecatl, ma
1237 2176 2389 2371 vncan panj tlanesian oalmotla
1240 2342 2350 2499 li in quenami ynemac, injc
1256 2465 2404 2625 mapantivitz, in quenamj oma
1269 2585 2387 2718 coc, injc ochichioaloc iniooa
1273 2699 2351 2842 ian açonelle axcan vncan
1286 2816 2357 2962 conmaniliz in totecujo, aco
1288 2921 2384 3107 ixquitzin comopolhiuiz, acaco
1297 3057 2385 3209 tolhujl, acaço tomaceoal, a
1296 3190 2431 3336 cuix noço vel achitzin qujgo
1295 3299 2459 3473 lializ intonatiuh, cujxnoco
1303 3444 2440 3592 caxitizmnepacujxnoço vel con
1321 3550 2442 3696 tlacaz, vel conaquiz in mavic
1336 3677 2449 3804 intonatiuh: aun yn axco que
