1906 2740
201 -1 594 100 Capituio. 13.
64 96 894 235 sabemos, por mucha esperiencia, quē
72 199 906 290 dello tenemos. Dize, que se confessauan
59 254 895 345 los viejos: y de los grandes pecados dela
69 307 891 395 carne. Desto, bien se arguye, que aun
67 369 902 456 que aujan hecho, muchos pecados, en tiē
62 422 890 512 po de su juuentud, no se confessauan de
59 480 888 575 llos, hasta la vejez: por no se obligar,
70 547 902 645 acesar de peccar, ante de la vejez: por
65 614 909 708 la opinjon que tenjan, que el que tor
61 665 885 783 naua, areynçidir en los peccados, al
57 739 874 857 que se confessaua vna vez, no tenja
66 808 888 884 remedio. En lo arriba dicho, no a y
71 883 889 975 poco fundamento para arguyr: que
61 928 900 1051 estos yndios desta nueva españa: se
63 1001 900 1110 tenjan por obligados, de se confessar,
69 1077 892 1182 vna voz, en la vida, y esto inlumjne
69 1131 901 1255 natural, sin auer tenjdo noticia, de
62 1227 463 1328 las cosas de la fe
132 1418 180 1521 li
504 2098 564 2198 li,
95 2266 871 2403 El capitulo treze, trata, de
86 2365 858 2463 los dioses: que son menores en
80 2438 862 2544 dionjdad, que los arriba dichos.
63 2502 860 2617 Y el primero destos, es, que llaman
58 2587 751 2684 xiuhtecutli, es otro vulcan.
1019 -1 1533 104 de xiuhtecutli,
1698 4 1846 119 fo. 10.
957 112 1788 245 macue. Auh yn jquac otlamacē
959 220 1804 327 uh, njman oalauh yn jchan: ic
953 290 1814 416 cenmajan, monemjlizcuepa: qujl
948 405 1794 512 mach intla occepa tlatlacoz, qujl
950 486 1792 597 ca aocmo tlaoculilonj. Qujlma
951 561 1798 697 ch çan yio veynequalli, veyne
955 674 1790 813 quaujtectli, in tetlaximaliztli:
953 762 1786 893 in qujtoaia veuetque. Jnjc mo
947 861 1787 983 iolmelaoaia veuetque: qujlma
952 952 1774 1067 ch, iehoatl, ynjc amo tzacujlti
941 1060 1770 1189 lozque, njcan tlalticpac, ynjn
945 1130 1800 1247 tlapilchioal: yntla otetlaxino, y:
936 1230 1784 1344 njc amo quatetlaxililoz, ynjc a
942 1314 1752 1448 mo quatepitzinjloz, ynjc amo
936 1396 1779 1541 quatetzotzonaloz, moiolmelaoa.
954 1483 1765 1642 Jntlapouhquj, yn jixpan tlalilo,
942 1608 1767 1720 tlapilchioalli: çan njman acan
936 1675 1782 1818 qujtoa, in tlein ixpan tlalilo, in
932 1774 1795 1882 tlein ilhujlo: ipampa ca amo ieb
934 1877 1819 2001 yn jlhujlo, in nonotzalo, ca tloque,
933 1954 1799 2081 canaoque, in maco, in jlhujlo, in
929 2036 1804 2167 tlapilchioalli: ca amo ieh motta,
928 2143 1271 2246 im maceoalli.
943 2227 1729 2399 Jnic matlactli vmey, capi
925 2351 1767 2446 tulo: yntechpa tlatoa, yn tepito
924 2425 1780 2538 ton teteuh: yn qujntoqujlia yn
920 2508 1761 2635 omoteneuhque, yn veueintin te
920 2592 1067 2664 teuh.
