2564 4094
299 94 897 315 dela ante
21 293 1151 482 nacian en estas casas: no los bap
6 404 1186 561 tizauan en ellas: mas difirianlos,
15 517 1178 656 para septima casa, que se llama
21 614 1173 772 ua: chicome malinalli, y dezian.
30 717 1162 873 que la septima casa de todos los
19 786 1191 954 lignos era bien afortunada, por
24 891 1211 1059 cauja del numero septimo: enesta
26 1006 1148 1173 casa los baptizauan, y los poni
31 1110 1137 1256 an los nombres. Jsa octaua
26 1210 1172 1374 casa: se llamaua: chicuei acatl:
32 1303 1174 1496 y la nouena casa chicunavi o
49 1408 1154 1596 celutl, dezian: que estas casas,
54 1517 1194 1694 eran mal afortunadas. Y los que
47 1638 1185 1797 en ellas nacian: eran desuentura
47 1702 1157 1912 dos: yno los baptizauan, hasta
60 1802 1181 2000 la otra casa sigujente: que sella
50 1928 1207 2094 maua matlactli quauhtli. Esta
61 2041 1173 2220 casa: dizque remediaua la des
67 2136 1193 2319 uentura, de las passadas: pero
64 2222 1184 2395 aujan de hazer, mucha penjte
66 2336 1215 2513 cia, para remediar se. Dezian.
69 2436 1191 2630 que la dezima casa, exa bien
67 2519 1182 2728 afortunada: y los que enella
69 2654 1192 2829 nacian, exan venturosos en cō
56 2748 1195 2939 sas deguerra, y valentia: eran
79 2816 1219 3024 csados, y anjmosos va vndecima
79 2930 1184 3155 cala: se llamaua matlactli oce
66 3039 1202 3279 cozçaquauhtli, dezian: que era
67 3195 1206 3385 bien afortunada: y los que na
75 3248 1214 3469 can enella, tenjan laxga vida,
73 3371 1199 3570 y murian viejos. Y aduo de
89 3479 1212 3684 cma casa: se llamaua matlac
75 3568 1220 3765 tli omome olin. P la tercia de
80 3686 1206 3881 cima: sellamaua, matlactli
92 3815 1173 3996 omey tecpatl. Podas estas,
1306 40 2476 226 adiujnatoria. fo. 26.
1233 206 2379 396 toe, pepettoc, apollviztlanquj, ca
1235 339 2367 526 cacatla, çacatitlan, mjnemjan, mj
1257 439 2366 653 qujçaian, mjtlaquaquaian, tochin,
1253 547 2387 726 aoachquaqua, aoach chichina, qul
1246 661 2429 860 ioiomeuhtica, qujntlatlaniomeuhtica,
1241 774 2407 948 mjtlaqual, Taoiuhquj m maceoalli,
1254 879 2444 1070 i tlacatl, mjtonalpan et tochtli, amo
1245 994 2432 1196 neztica, iquenjn neci itlaqual, anez
1242 1136 2409 1299 tica iquenjn ipan oallauh ineuhca
1255 1224 2407 1411 y cemjlhiujtiaia. Auh mnauj atl: iuh
1256 1360 2353 1534 mjtoa, amo qualli tonalli, çan ic no
1248 1465 2402 1632 iotl qujtemaca, m aqujn ipantlacatia:
1260 1585 2428 1713 acan aviaia mjiollo, cantlacuauh tine
1250 1685 2396 1833 ca, qujhiovitenenca: auh in tlaçano
1269 1794 2387 1938 co itla ymaceoal, can iuhqujn atl on
1258 1903 2398 2101 qujca, onatoco, onamoraoa: ioiut
1257 2023 2437 2184 quj mmacujlli itzcujntli: amonoqual
1245 2136 2422 2277 li, iuh mjtoa: vncan qujtonaltiaca, in
1255 2244 2410 2395 mjctlan tecutli, itonalpan catca. Eo
1255 2348 2421 2528 iuhquj nchiquacenoçomacli, amono
1273 2481 2425 2644 qualli, uh mjtoa: qujncen vnca qual
1282 2583 2423 2736 tiaia, mizqujtetl in tonalli, im jpan
1279 2690 2405 2848 chicome malnalli; yn aqujn ipan
1269 2798 2454 2956 tlacatia, in jzqujltuqjtl in omotencut
1263 2926 2481 3081 aiamo caltiaia, aiamo qujtocamacacia,
1279 3025 2465 3210 qujncenjpan maltiaca, mehicome ma
1273 3139 2442 3309 linalli: ipampa iutmjtoa, qujlmach
1281 3230 2414 3393 muchipaqualcan, ynjpan chicome
1284 3363 2403 3510 conalli, in vnçan tlachicometi, chico
1284 3464 2401 3610 metioaia: vn çanca teilhujl, temace
1282 3585 2467 3742 oal: auti maqujn ipan otlacat, njma
1275 3749 2419 3845 vet iquac caltiaia, qujtocamacaia.
2319 3905 2414 4010 doq
