2620 4040
321 56 903 224 dela artei
9 223 1184 381 estas casas, conuenja que los
18 352 1187 495 baptizassen en la casa sigujente,
12 442 1243 582 que sellamaua: chicome tecpatl.
24 527 1155 682 varaque alli tomasse alguna
12 627 1189 770 bugnauentura. Por que dezian:
23 730 1176 893 que todas las casas del septimo
16 810 1197 989 numoro, eran buenas: porque
20 922 1204 1080 gran de la diosa chicome coatl.
15 1019 1165 1197 que es diosa de los mantenj
24 1103 1190 1281 mjentos. La octaua casa de
34 1234 1239 1375 este signo: se llama chicuei quj
29 1337 1184 1515 aujtl Y la nona: que es chi
37 1445 1179 1602 cunavi suchitl: ya se dixo ar
30 1550 1194 1729 riba. Que estas casas octaua,
23 1660 1202 1824 y nona: siempre son infelices:
38 1775 1217 1943 los que enellas nacen, son ladie
33 1867 1224 2047 nes, y salteadores, y cadulteros.
41 1997 1199 2182 rtas. La decima casa: que
53 2094 1221 2271 es matlactli cipactli dezian:
53 2201 1169 2384 que esta era bien afortu
41 2296 1207 2464 nada. Que los que en ella na
38 2395 1205 2544 cian: viujan prosperos, y ale
59 2514 1213 2681 gres en este mundo: agra fu
60 2621 1216 2758 essen hombres, aora mugeres
70 2717 1216 2900 Lo mjsmo dezian, de las ca
68 2833 1209 2986 sas sigujentes: que son: ma
61 2925 1226 3066 tlactli oce hecatl, y matlactli
81 3033 1232 3179 omome calli, y ntatlactli omo
69 3134 1179 3292 me calli, y matlactli omey
59 3237 1248 3392 cueszpali, dezian: que las lle
73 3351 1202 3485 uaua tras si, en bondad la
59 3434 1246 3596 decima casa: porque en todos
66 3543 1258 3724 los signos la decima casa: ha
64 3668 1253 3825 ze buenas a las otras tres, que
59 3797 444 3944 se siguen
1449 44 2560 225 adiujnatoxia. fo.35.
1269 211 2416 349 Tezçatlipuca, titlacaoa, mje qujtla
1260 340 2422 462 liaia ixiptla, itoca Omacatl: çan
1259 436 2434 587 no ivi mmjchioaia, icqujchichioaia
1256 539 2455 717 mjcqujtlaliaia: auh i aqujnqujne
1264 643 2482 805 quja, qujtlaliaia mjxiptla omacatl
1258 745 2420 891 matlacpoaltica in qujpiaia ychan,
1275 846 2505 1036 ipan in qujtlaliaia, vme acatl tonalli
1277 958 2512 1105 auh in tlaceitla vel macalia, maqujn
1271 1085 2398 1250 oqujtlali, qujtoznequj: in tlaietla
1275 1199 2488 1339 piuja, ixneui, iaxca itlatquj, aocmo
1278 1272 2460 1462 qujcaoaliztlamatia, çanqujcentlali
1264 1379 2418 1532 aca, qujcencalaqujaia mjchan, ve
1270 1506 2501 1657 cauhtica qujpiaia: auh in tlaieoqujnec
1264 1619 2483 1776 i qujcaoaz, maocmo qujpiaz: çanno
1279 1705 2495 1887 ipan in qujcaoaia vme acatl tonalh
1280 1825 2477 1985 canieequjmattiuja mjtonal, ipanm
1274 1950 2477 2113 qujtlaliaia, noipan in qujcaoaia: vm
1283 2020 2479 2219 pa concaoaia mjteupan, mjcalpulco
1278 2164 2484 2319 omacatl, qujtlenamaqujlitiuh: aut
1286 2285 2457 2424 vmpa canatiuh, i aqujn ocie oquj
1283 2396 2483 2531 nec, qujpiaz ichan, qujcujcatiaca im
1284 2486 2540 2682 calpuleque, ic tetlatlaqualtia inchane,
1292 2609 2438 2765 tlatlaqualo, aatlioa, yn jchan: auh
1277 2727 2507 2860 moiooac tlatlaoano, can ie uchtlatla
1269 2855 2456 2973 lilli, can ieiuhtlatecolli, çan vncan
1286 2991 2435 3094 tectica, çan ievncan tlantica, çan
1282 3087 2406 3203 ie vncan qujmatticaia, i matlac
1284 3193 2476 3348 poaltica pialoia techan iquac ca
1296 3325 2441 3438 laquja, no iquac qujçaia: auh mj
1299 3419 2480 3544 toa: i aqujn ipan tlacatia, qujto
1287 3522 2524 3636 aia mocujltonoz, motlacamatiz, ioan
1301 3627 2428 3733 vel muchioaz mjnetlacecoltiliz, in
1282 3737 2432 3870 tlem maailiz, amonenqujçaz, vel
