2588 4084
247 43 826 223 de la fiesta
74 241 1106 388 ssando. Acabado esto, ya esta
85 313 1121 449 uan haziendo areyto, en el patio
89 390 1085 542 dela diosa toci: y luego todos los
78 474 1112 631 que aujan tomado las armas, y
96 574 1093 692 uanse al areyto: estos aqujen se
70 669 1112 777 dauan, estas armas, tenjan en
82 744 1107 893 tendido, que aujan de morir cō
82 807 1116 986 ellas, en la guerra. Eneste bay
74 917 1118 1080 le, o areyto, no cantauan niha
69 1004 1124 1182 zian meneos de bayle, sino yuā
91 1105 1144 1258 andando, y leuantando, y baxā
87 1195 1119 1324 dolos bracos, al compas del atam
90 1307 1091 1462 bor: y lleuauan encada mano
85 1393 1123 1557 flores: todos los que baylauan,
85 1472 1112 1649 parecian vnas flores: y todos
85 1583 1142 1747 los que mirauan, se maraujlla
96 1670 1130 1833 uan, de sus ataujos, andauā
99 1752 1135 1918 al rededor del cu, de aquella di
84 1870 1139 1991 osa toci. Las muderes, que esta
94 1950 1124 2136 uan ala mjra, deste areyto, llo
94 2060 1137 2224 rauan, y dezian. Estos nuestros
107 2169 1182 2315 hijos, que van agora, tan ata
116 2272 1141 2413 ujados, si de aquj apoco apre
112 2336 1142 2522 gnan guerra: ya quedan obli
113 2469 1126 2617 gados, ayr della: pensays que
109 2570 1125 2703 bolueran mas? quiça nunca
104 2669 1149 2814 mas los veremos. Desta mane
102 2763 1140 2904 ra, se acuytauan, las vnas y
93 2858 1150 2999 las otras: y se angustiauan por
86 2961 1134 3113 los hijos. A quel hombre que e
87 3054 1146 3223 ra ymagen de la diosa toci, y
80 3132 1164 3308 sus deuotos, y las medicas, yuā
84 3241 1153 3410 baylando aparte detras, de los
88 3357 1183 3507 que hazian el areyto, y cantaua
99 3449 1184 3604 en tiple muy alto, eneste areyto:
96 3558 1189 3707 començando al medio dia. Otro
96 3660 1206 3794 dia hazian el mismo areyto, y sa
93 3747 1216 3882 lian todos ael, porque el dia antes
1373 20 1969 219 ochpanjztli.
2254 84 2516 207 fo. 21.
1183 207 2392 355 m inetlauhtil: ympaoniati
1176 343 2342 504 manj in vmpa nechichioalo,
1183 460 2358 626 onneaqujlo tlaviztli: ive
1190 593 2373 725 dei tiacaoan, in qujmomaca
1189 700 2366 843 iehoatl in tlaçotlanquj: auh
1188 820 2368 1021 mienequjch, çatlacujtlapi
1196 956 2385 1098 loa, iehoatl in qujmomaca.
1202 1074 2369 1222 cuextecatl tlaviztli, Auh in
1196 1227 2381 1375 ieuehquj montlamoac mo
1196 1329 2369 1491 nechichioaloc: njma ic ocexep
1214 1413 2405 1608 pa onevipanolo, mjxpan lo
1195 1571 2361 1722 tecucoma: ce ceiaca contlapa
1203 1678 2402 1870 lotimanj, njma icoalquizti
1219 1823 2368 1964 manj, njman ic vmpa onca
1204 1948 2398 2090 timanj. Auh mjquac i ie ne
1217 2048 2365 2190 totilo, nematlaxo: vmpa on
1210 2162 2392 2337 iatimanj momo tlavizmaca
1221 2280 2404 2459 que, vncan tlaviznextia. E
1215 2411 2423 2561 uh in tlaviztli, ic qujmomaca,
1226 2516 2446 2688 iuhqujn ipatiuh michioa,
1220 2643 2444 2834 i qujmjlichca muchioa: auh
1219 2779 2390 2933 mjcmomatlaca tetacpāti vi
1223 2898 2434 3069 mjun omjto: uehqujn zuchitl
1238 3035 2399 3184 mantiuh, vel mavicotivi,
1227 3148 2440 3307 qujiaiaoalo in teucalli. fiuh
1237 3272 2444 3425 mjxqujchtin tlatlatta, mjla
1257 3393 2371 3540 matzitzin, yieixqujct tla
1233 3496 2471 3660 catl cioatzzitzinti, tlachoqujz
1227 3619 2441 3774 tleoa, ic noioa in iiollo: quj
1248 3737 2437 3897 miaia. Inin topilhoan tzitzin
