2550 4106
645 86 1022 283 Lil
38 278 1202 474 qujztli, y de su prospera fortu
40 423 1172 579 na, dezian: que este signo,
47 542 1201 695 era de Tezcatlipuca: por cuja
37 655 1198 830 reuexencia, hazian en parti
54 787 1229 959 cular muchas ofrendas, y sa
52 912 1241 1097 crificios: y hazian fiesta y rega
38 1043 1224 1185 los alos esclauos, cada vno a
50 1157 956 1314 los suyos en sus casas.
70 1372 1228 1623 El sexto signo se llamaua ce
83 1593 1254 1753 mjqujztli, dezian: que este era bue
72 1725 1227 1861 no, y en parte malo, esto es: que
65 1827 1214 1993 algunas casas tenja buenas, y
68 1943 1267 2097 otras malas: como parecera aba
64 2069 1249 2209 xo, dezian: que este ligno, era
85 2160 1199 2336 de tezcadipuca. Los señorosj
77 2286 1252 2424 principaies: eran muy deuotos
90 2396 1194 2534 deste signo, hazian ofrendas
99 2464 1231 2655 por su honrra, y derramauan
74 2586 1233 2762 sangre de codornjzes: y hazian
90 2692 1234 2867 otras cerimonjas, cada vno en es
86 2787 1261 2938 oratorio, de su casa, y en los ora
80 2904 1294 3062 torios de los calpules: esto hazian
92 3017 1288 3202 por ser este signo de tezcatlipuca
101 3132 1231 3281 al qual tenjan por criador vnj
106 3236 1264 3364 uersal. Todos eneste dia, orauā
100 3355 1243 3497 con deuocion, y pedian ser les
104 3460 1245 3591 hecha alguna mjsericordia: no
77 3547 1272 3692 solamente los señores, mas los
94 3661 1261 3786 hombres de guerra, y los mer
97 3753 1288 3921 caderes, y hombres ricos: y todos
1479 133 1671 283 4.
1298 232 2468 418 tetl machiotl, mjtoca ce mjqujztli
1296 386 2478 545 ioain nqualli tonalli itechca, quj
1310 517 2447 687 mach itonal in ezcatlipuct:
1304 622 2471 842 auhmjec in ventli, innextlaouli
1314 786 2459 956 injcqujmaiztiliaia, ioan conlla
1302 898 2485 1135 qujnpapaqujttiaua intlatlacol.
1287 1114 2455 1334 EToquetza cemjqujztli: ynjn mj
1292 1262 2485 1448 toaia, qualli tonalli: auh ioan achi
1304 1403 2456 1568 omo qualli, miuh neciz mn çan, ipatti
1314 1551 2443 1679 itlatollo camjtoa mjquac, y, vncan
1311 1647 2461 1819 qujtonaltiaia i Tezcatlipuca, cenca
1326 1763 2444 1926 tlamaviztiliaia, itlatoque, tloma
1322 1883 2464 2029 naia, tlaçotonaia, ceceniaca ynjtica
1322 2028 2450 2180 litic, mjmjxcoian in cacalpulco in
1320 2112 2465 2271 moteneoa in teucalli, in teucalco: iuli
1329 2269 2449 2425 qujtoaia, ca iehoatl mjpaltinemj, a
1330 2344 2453 2538 titlacaoan, in tlaltecpaque, intlalto
1328 2508 2458 2656 cue, in axcan itonalpantzinco, ic ta
1338 2612 2425 2794 chitlacatl vncan tlatemachiaia, iu
1337 2717 2474 2910 tlamatia, tlaocuiaia, mjc qujcnetiz
1342 2852 2463 3035 auh amo canjoque intlatoque, iuti
1341 3005 2493 3172 qujchioaia, y, no iehoan ititigcaoa,
1333 3127 2492 3286 itequjoaque, yoan m mocujtonoc,
1338 3225 2485 3399 mmotlacamati, ioan in aqujnqujtcā
1335 3359 2491 3500 tia ca itonalmoquetza in titlacahioa,
1352 3460 2489 3616 notl atonaltiaia, tlamanaia, mjcios,
1352 3573 2486 3769 mjcaltulca;: xpampa mjc cenca tiz
1356 3679 2507 3911 temachiaia, ca vncan tlautlaqjlilzitai.
